timestamp,symbol,price,quantity
1761460182420.0,ETHUSDT,3943.51,0.109
1761460182420.0,ETHUSDT,3943.51,0.006
1761460182420.0,ETHUSDT,3943.51,0.006
1761460182420.0,ETHUSDT,3943.51,0.079
1761460181886.0,ETHUSDT,3943.5,0.253
1761460180225.0,ETHUSDT,3943.51,0.429
1761460180225.0,ETHUSDT,3943.51,0.069
1761460179907.0,ETHUSDT,3943.5,0.474
1761460179891.0,ETHUSDT,3943.5,0.985
1761460179337.0,ETHUSDT,3943.51,0.05
1761460179317.0,ETHUSDT,3943.51,0.061
1761460179105.0,ETHUSDT,3943.5,0.279
1761460178470.0,ETHUSDT,3943.51,0.326
1761460178470.0,ETHUSDT,3943.51,0.006
1761460178470.0,ETHUSDT,3943.51,0.012
1761460178470.0,ETHUSDT,3943.51,2.536
1761460178470.0,ETHUSDT,3943.51,0.012
1761460178470.0,ETHUSDT,3943.51,0.006
1761460178470.0,ETHUSDT,3943.51,0.102
1761460178246.0,ETHUSDT,3943.5,0.063
1761460178168.0,ETHUSDT,3943.51,0.038
1761460178168.0,ETHUSDT,3943.51,0.006
1761460178168.0,ETHUSDT,3943.51,0.006
1761460178167.0,ETHUSDT,3943.51,0.061
1761460178167.0,ETHUSDT,3943.51,0.061
1761460178166.0,ETHUSDT,3943.51,0.012
1761460178163.0,ETHUSDT,3943.51,0.001
1761460178163.0,ETHUSDT,3943.51,0.006
1761460178163.0,ETHUSDT,3943.51,0.011
1761460178163.0,ETHUSDT,3943.5,0.006
1761460178163.0,ETHUSDT,3943.48,0.006
1761460178163.0,ETHUSDT,3943.47,0.006
1761460178163.0,ETHUSDT,3943.47,0.006
1761460178163.0,ETHUSDT,3943.46,0.03
1761460178163.0,ETHUSDT,3943.45,0.006
1761460178163.0,ETHUSDT,3943.44,0.006
1761460178163.0,ETHUSDT,3943.43,0.006
1761460178163.0,ETHUSDT,3943.43,0.006
1761460178163.0,ETHUSDT,3943.43,0.163
1761460178160.0,ETHUSDT,3943.43,0.09
1761460178160.0,ETHUSDT,3943.43,0.21
1761460178160.0,ETHUSDT,3943.43,0.006
1761460178160.0,ETHUSDT,3943.43,0.006
1761460178160.0,ETHUSDT,3943.43,0.006
1761460178160.0,ETHUSDT,3943.43,0.006
1761460178160.0,ETHUSDT,3943.43,0.006
1761460178160.0,ETHUSDT,3943.43,0.006
1761460178150.0,ETHUSDT,3943.43,0.024
1761460178150.0,ETHUSDT,3943.43,0.006
1761460178150.0,ETHUSDT,3943.43,0.006
1761460178150.0,ETHUSDT,3943.42,0.011
1761460178150.0,ETHUSDT,3943.4,0.03
1761460178150.0,ETHUSDT,3943.39,0.006
1761460178150.0,ETHUSDT,3943.39,0.006
1761460178150.0,ETHUSDT,3943.38,0.006
1761460178150.0,ETHUSDT,3943.38,0.011
1761460178150.0,ETHUSDT,3943.38,0.006
1761460178149.0,ETHUSDT,3943.37,0.006
1761460178149.0,ETHUSDT,3943.36,0.006
1761460178149.0,ETHUSDT,3943.36,0.006
1761460178149.0,ETHUSDT,3943.36,0.006
1761460178149.0,ETHUSDT,3943.36,0.353
1761460178149.0,ETHUSDT,3943.36,0.024
1761460178149.0,ETHUSDT,3943.36,0.043
1761460178149.0,ETHUSDT,3943.36,0.006
1761460178149.0,ETHUSDT,3943.36,0.001
1761460178143.0,ETHUSDT,3943.36,0.005
1761460178143.0,ETHUSDT,3943.36,0.006
1761460178143.0,ETHUSDT,3943.36,0.006
1761460178143.0,ETHUSDT,3943.36,0.006
1761460178143.0,ETHUSDT,3943.36,0.253
1761460178143.0,ETHUSDT,3943.36,0.253
1761460178143.0,ETHUSDT,3943.36,0.253
1761460178143.0,ETHUSDT,3943.36,0.03
1761460178135.0,ETHUSDT,3943.35,0.006
1761460178135.0,ETHUSDT,3943.35,0.006
1761460178135.0,ETHUSDT,3943.35,0.011
1761460178135.0,ETHUSDT,3943.35,0.521
1761460178133.0,ETHUSDT,3943.32,0.278
1761460178133.0,ETHUSDT,3943.32,0.011
1761460178133.0,ETHUSDT,3943.3,0.6
1761460178133.0,ETHUSDT,3943.3,0.03
1761460178132.0,ETHUSDT,3943.29,0.156
1761460178132.0,ETHUSDT,3943.29,0.728
1761460178132.0,ETHUSDT,3943.29,0.006
1761460178132.0,ETHUSDT,3943.29,0.011
1761460178132.0,ETHUSDT,3943.28,0.006
1761460178132.0,ETHUSDT,3943.28,0.006
1761460178132.0,ETHUSDT,3943.28,0.021
1761460178132.0,ETHUSDT,3943.28,0.228
1761460178132.0,ETHUSDT,3943.28,2.104
1761460178129.0,ETHUSDT,3943.28,0.668
1761460178129.0,ETHUSDT,3943.27,0.006
1761460178129.0,ETHUSDT,3943.27,0.006
1761460178129.0,ETHUSDT,3943.26,0.011
1761460178129.0,ETHUSDT,3943.26,0.006
1761460178129.0,ETHUSDT,3943.26,0.006
1761460178129.0,ETHUSDT,3943.26,0.03
1761460178129.0,ETHUSDT,3943.25,0.01
1761460178129.0,ETHUSDT,3943.25,0.335
1761460170760.0,ETHUSDT,3943.11,0.829
1761460169114.0,ETHUSDT,3943.12,2.478
1761460168878.0,ETHUSDT,3943.12,1.21
1761460168320.0,ETHUSDT,3943.12,0.028
1761460168245.0,ETHUSDT,3943.11,0.008
1761460167894.0,ETHUSDT,3943.12,0.037
1761460167566.0,ETHUSDT,3943.12,0.063
1761460167522.0,ETHUSDT,3943.12,0.067
1761460167171.0,ETHUSDT,3943.12,0.795
1761460166818.0,ETHUSDT,3943.11,0.007
1761460166663.0,ETHUSDT,3943.11,1.017
1761460166300.0,ETHUSDT,3943.12,0.125
1761460166058.0,ETHUSDT,3943.11,5.212
1761460165797.0,ETHUSDT,3943.11,1.173
1761460165718.0,ETHUSDT,3943.11,0.034
1761460165424.0,ETHUSDT,3943.11,0.007
1761460165101.0,ETHUSDT,3943.12,0.01
1761460164785.0,ETHUSDT,3943.12,0.3
1761460164424.0,ETHUSDT,3943.11,0.007
1761460164352.0,ETHUSDT,3943.11,0.121
1761460163972.0,ETHUSDT,3943.11,0.044
1761460163771.0,ETHUSDT,3943.12,0.073
1761460163771.0,ETHUSDT,3943.12,0.003
1761460163638.0,ETHUSDT,3943.11,0.003
1761460163311.0,ETHUSDT,3943.11,0.062
1761460162736.0,ETHUSDT,3943.12,0.009
1761460162736.0,ETHUSDT,3943.12,0.006
1761460162736.0,ETHUSDT,3943.12,0.012
1761460162736.0,ETHUSDT,3943.12,0.012
1761460162350.0,ETHUSDT,3943.11,0.02
1761460161867.0,ETHUSDT,3943.12,0.003
1761460161867.0,ETHUSDT,3943.12,1.264
1761460161630.0,ETHUSDT,3943.11,0.006
1761460161156.0,ETHUSDT,3943.12,1.368
1761460160990.0,ETHUSDT,3943.11,0.007
1761460159904.0,ETHUSDT,3943.12,0.253
1761460159257.0,ETHUSDT,3943.11,0.006
1761460158562.0,ETHUSDT,3943.11,0.634
1761460158562.0,ETHUSDT,3943.11,0.634
1761460157871.0,ETHUSDT,3943.12,0.017
1761460157871.0,ETHUSDT,3943.12,0.017
1761460156861.0,ETHUSDT,3943.12,0.407
1761460156861.0,ETHUSDT,3943.12,0.407
1761460156789.0,ETHUSDT,3943.11,0.13
1761460156789.0,ETHUSDT,3943.11,0.13
1761460156736.0,ETHUSDT,3943.11,0.22
1761460156736.0,ETHUSDT,3943.11,0.22
1761460155608.0,ETHUSDT,3943.12,0.242
1761460155608.0,ETHUSDT,3943.12,0.458
1761460155608.0,ETHUSDT,3943.12,0.242
1761460155608.0,ETHUSDT,3943.12,0.458
1761460155567.0,ETHUSDT,3943.11,0.778
1761460155567.0,ETHUSDT,3943.11,0.778
1761460155185.0,ETHUSDT,3943.11,0.505
1761460155185.0,ETHUSDT,3943.11,0.505
1761460155063.0,ETHUSDT,3943.12,0.95
1761460155063.0,ETHUSDT,3943.12,0.95
1761460154570.0,ETHUSDT,3943.11,2.003
1761460154570.0,ETHUSDT,3943.11,2.003
1761460153920.0,ETHUSDT,3943.12,0.007
1761460153920.0,ETHUSDT,3943.12,0.007
1761460153902.0,ETHUSDT,3943.12,1.0
1761460153902.0,ETHUSDT,3943.12,1.0
1761460153380.0,ETHUSDT,3943.12,0.067
1761460153380.0,ETHUSDT,3943.12,0.067
1761460153289.0,ETHUSDT,3943.12,0.011
1761460153289.0,ETHUSDT,3943.12,0.011
1761460152376.0,ETHUSDT,3943.11,0.157
1761460152376.0,ETHUSDT,3943.11,0.157
1761460151764.0,ETHUSDT,3943.11,0.517
1761460151764.0,ETHUSDT,3943.11,0.517
1761460151388.0,ETHUSDT,3943.11,0.006
1761460151388.0,ETHUSDT,3943.11,0.006
1761460151385.0,ETHUSDT,3943.12,0.1
1761460151385.0,ETHUSDT,3943.12,0.1
1761460150937.0,ETHUSDT,3943.12,0.219
1761460150937.0,ETHUSDT,3943.12,0.219
1761460150751.0,ETHUSDT,3943.12,0.159
1761460150751.0,ETHUSDT,3943.12,0.159
1761460149836.0,ETHUSDT,3943.11,0.006
1761460149836.0,ETHUSDT,3943.11,0.006
1761460149548.0,ETHUSDT,3943.12,1.249
1761460149548.0,ETHUSDT,3943.12,1.164
1761460149548.0,ETHUSDT,3943.12,3.455
1761460149548.0,ETHUSDT,3943.12,1.249
1761460149548.0,ETHUSDT,3943.12,1.164
1761460149548.0,ETHUSDT,3943.12,3.455
1761460149476.0,ETHUSDT,3943.11,1.266
1761460149476.0,ETHUSDT,3943.11,1.266
1761460149016.0,ETHUSDT,3943.12,0.302
1761460149016.0,ETHUSDT,3943.12,0.302
1761460148924.0,ETHUSDT,3943.12,3.476
1761460148924.0,ETHUSDT,3943.12,3.476
1761460146599.0,ETHUSDT,3943.12,5.75
1761460146599.0,ETHUSDT,3943.12,0.006
1761460146599.0,ETHUSDT,3943.12,0.006
1761460146599.0,ETHUSDT,3943.12,0.006
1761460146599.0,ETHUSDT,3943.12,0.973
1761460146599.0,ETHUSDT,3943.12,0.273
1761460146599.0,ETHUSDT,3943.12,5.75
1761460146599.0,ETHUSDT,3943.12,0.006
1761460146599.0,ETHUSDT,3943.12,0.006
1761460146599.0,ETHUSDT,3943.12,0.006
1761460146599.0,ETHUSDT,3943.12,0.973
1761460146599.0,ETHUSDT,3943.12,0.273
1761460146599.0,ETHUSDT,3943.12,5.75
1761460146599.0,ETHUSDT,3943.12,0.006
1761460146599.0,ETHUSDT,3943.12,0.006
1761460146599.0,ETHUSDT,3943.12,0.006
1761460146599.0,ETHUSDT,3943.12,0.973
1761460146599.0,ETHUSDT,3943.12,0.273
1761460146068.0,ETHUSDT,3943.11,0.202
1761460146068.0,ETHUSDT,3943.11,0.202
1761460146068.0,ETHUSDT,3943.11,0.202
1761460145558.0,ETHUSDT,3943.12,0.02
1761460145558.0,ETHUSDT,3943.12,0.02
1761460145558.0,ETHUSDT,3943.12,0.02
1761460145361.0,ETHUSDT,3943.11,3.82
1761460145361.0,ETHUSDT,3943.11,0.008
1761460145361.0,ETHUSDT,3943.11,0.006
1761460145361.0,ETHUSDT,3943.11,0.006
1761460145361.0,ETHUSDT,3943.11,0.666
1761460145361.0,ETHUSDT,3943.11,0.667
1761460145361.0,ETHUSDT,3943.11,0.667
1761460145361.0,ETHUSDT,3943.11,0.667
1761460145361.0,ETHUSDT,3943.11,0.667
1761460145361.0,ETHUSDT,3943.11,0.015
1761460145361.0,ETHUSDT,3943.11,5.035
1761460145361.0,ETHUSDT,3943.11,0.015
1761460145361.0,ETHUSDT,3943.11,0.015
1761460145361.0,ETHUSDT,3943.11,0.006
1761460145361.0,ETHUSDT,3943.11,0.006
1761460145361.0,ETHUSDT,3943.11,0.006
1761460145361.0,ETHUSDT,3943.11,0.121
1761460145361.0,ETHUSDT,3943.11,0.012
1761460145361.0,ETHUSDT,3943.11,0.012
1761460145361.0,ETHUSDT,3943.11,0.024
1761460145361.0,ETHUSDT,3943.11,0.76
1761460145361.0,ETHUSDT,3943.11,0.253
1761460145361.0,ETHUSDT,3943.11,0.94
1761460145361.0,ETHUSDT,3943.11,0.012
1761460145361.0,ETHUSDT,3943.11,0.202
1761460145361.0,ETHUSDT,3943.11,0.105
1761460145361.0,ETHUSDT,3943.11,0.821
1761460145361.0,ETHUSDT,3943.11,3.82
1761460145361.0,ETHUSDT,3943.11,0.008
1761460145361.0,ETHUSDT,3943.11,0.006
1761460145361.0,ETHUSDT,3943.11,0.006
1761460145361.0,ETHUSDT,3943.11,0.666
1761460145361.0,ETHUSDT,3943.11,0.667
1761460145361.0,ETHUSDT,3943.11,0.667
1761460145361.0,ETHUSDT,3943.11,0.667
1761460145361.0,ETHUSDT,3943.11,0.667
1761460145361.0,ETHUSDT,3943.11,0.015
1761460145361.0,ETHUSDT,3943.11,5.035
1761460145361.0,ETHUSDT,3943.11,0.015
1761460145361.0,ETHUSDT,3943.11,0.015
1761460145361.0,ETHUSDT,3943.11,0.006
1761460145361.0,ETHUSDT,3943.11,0.006
1761460145361.0,ETHUSDT,3943.11,0.006
1761460145361.0,ETHUSDT,3943.11,0.121
1761460145361.0,ETHUSDT,3943.11,0.012
1761460145361.0,ETHUSDT,3943.11,0.012
1761460145361.0,ETHUSDT,3943.11,0.024
1761460145361.0,ETHUSDT,3943.11,0.76
1761460145361.0,ETHUSDT,3943.11,0.253
1761460145361.0,ETHUSDT,3943.11,0.94
1761460145361.0,ETHUSDT,3943.11,0.012
1761460145361.0,ETHUSDT,3943.11,0.202
1761460145361.0,ETHUSDT,3943.11,0.105
1761460145361.0,ETHUSDT,3943.11,0.821
1761460145361.0,ETHUSDT,3943.11,0.006
1761460145361.0,ETHUSDT,3943.11,0.006
1761460145361.0,ETHUSDT,3943.11,0.1
1761460145361.0,ETHUSDT,3943.11,0.114
1761460145361.0,ETHUSDT,3943.11,1.107
1761460145361.0,ETHUSDT,3943.11,0.666
1761460145361.0,ETHUSDT,3943.11,0.666
1761460145361.0,ETHUSDT,3943.11,0.667
1761460145361.0,ETHUSDT,3943.11,0.667
1761460145361.0,ETHUSDT,3943.11,0.467
1761460145361.0,ETHUSDT,3943.11,3.82
1761460145361.0,ETHUSDT,3943.11,0.008
1761460145361.0,ETHUSDT,3943.11,0.006
1761460145361.0,ETHUSDT,3943.11,0.006
1761460145361.0,ETHUSDT,3943.11,0.666
1761460145361.0,ETHUSDT,3943.11,0.667
1761460145361.0,ETHUSDT,3943.11,0.667
1761460145361.0,ETHUSDT,3943.11,0.667
1761460145361.0,ETHUSDT,3943.11,0.667
1761460145361.0,ETHUSDT,3943.11,0.015
1761460145361.0,ETHUSDT,3943.11,5.035
1761460145361.0,ETHUSDT,3943.11,0.015
1761460145361.0,ETHUSDT,3943.11,0.015
1761460145361.0,ETHUSDT,3943.11,0.006
1761460145361.0,ETHUSDT,3943.11,0.006
1761460145361.0,ETHUSDT,3943.11,0.006
1761460145361.0,ETHUSDT,3943.11,0.121
1761460145361.0,ETHUSDT,3943.11,0.012
1761460145361.0,ETHUSDT,3943.11,0.012
1761460145361.0,ETHUSDT,3943.11,0.024
1761460145361.0,ETHUSDT,3943.11,0.76
1761460145361.0,ETHUSDT,3943.11,0.253
1761460145361.0,ETHUSDT,3943.11,0.94
1761460145361.0,ETHUSDT,3943.11,0.012
1761460145361.0,ETHUSDT,3943.11,0.202
1761460145361.0,ETHUSDT,3943.11,0.105
1761460145361.0,ETHUSDT,3943.11,0.821
1761460145361.0,ETHUSDT,3943.11,0.006
1761460145361.0,ETHUSDT,3943.11,0.006
1761460145361.0,ETHUSDT,3943.11,0.1
1761460145361.0,ETHUSDT,3943.11,0.114
1761460145361.0,ETHUSDT,3943.11,1.107
1761460145361.0,ETHUSDT,3943.11,0.666
1761460145361.0,ETHUSDT,3943.11,0.666
1761460145361.0,ETHUSDT,3943.11,0.667
1761460145361.0,ETHUSDT,3943.11,0.667
1761460145361.0,ETHUSDT,3943.11,0.467
1761460145286.0,ETHUSDT,3943.11,0.008
1761460145286.0,ETHUSDT,3943.11,0.008
1761460144892.0,ETHUSDT,3943.11,0.192
1761460144892.0,ETHUSDT,3943.11,0.266
1761460144892.0,ETHUSDT,3943.11,0.192
1761460144892.0,ETHUSDT,3943.11,0.266
1761460143978.0,ETHUSDT,3943.11,0.335
1761460143978.0,ETHUSDT,3943.11,0.335
1761460143760.0,ETHUSDT,3943.11,0.066
1761460143760.0,ETHUSDT,3943.11,0.234
1761460143760.0,ETHUSDT,3943.11,0.066
1761460143760.0,ETHUSDT,3943.11,0.234
1761460143678.0,ETHUSDT,3943.12,0.76
1761460143678.0,ETHUSDT,3943.12,0.76
1761460143555.0,ETHUSDT,3943.11,0.433
1761460143555.0,ETHUSDT,3943.11,0.433
1761460143554.0,ETHUSDT,3943.11,0.567
1761460143554.0,ETHUSDT,3943.11,0.567
1761460143425.0,ETHUSDT,3943.11,0.01
1761460143425.0,ETHUSDT,3943.11,0.01
1761460143086.0,ETHUSDT,3943.11,0.09
1761460143086.0,ETHUSDT,3943.11,0.011
1761460143086.0,ETHUSDT,3943.11,0.09
1761460143086.0,ETHUSDT,3943.11,0.011
1761460142119.0,ETHUSDT,3943.12,0.061
1761460142119.0,ETHUSDT,3943.12,0.061
1761460141985.0,ETHUSDT,3943.12,2.75
1761460141985.0,ETHUSDT,3943.12,2.994
1761460141985.0,ETHUSDT,3943.12,4.256
1761460141985.0,ETHUSDT,3943.12,2.75
1761460141985.0,ETHUSDT,3943.12,2.994
1761460141985.0,ETHUSDT,3943.12,4.256
1761460138094.0,ETHUSDT,3943.12,0.101
1761460138094.0,ETHUSDT,3943.12,0.101
1761460137390.0,ETHUSDT,3943.11,0.432
1761460137390.0,ETHUSDT,3943.11,0.432
1761460137254.0,ETHUSDT,3943.11,0.014
1761460137254.0,ETHUSDT,3943.11,0.014
1761460137249.0,ETHUSDT,3943.11,0.016
1761460137249.0,ETHUSDT,3943.11,0.016
1761460137146.0,ETHUSDT,3943.12,0.214
1761460137146.0,ETHUSDT,3943.12,0.214
1761460136427.0,ETHUSDT,3943.11,0.194
1761460136427.0,ETHUSDT,3943.11,0.667
1761460136427.0,ETHUSDT,3943.11,0.008
1761460136427.0,ETHUSDT,3943.11,0.914
1761460136427.0,ETHUSDT,3943.11,0.006
1761460136427.0,ETHUSDT,3943.11,0.006
1761460136427.0,ETHUSDT,3943.11,0.194
1761460136427.0,ETHUSDT,3943.11,0.667
1761460136427.0,ETHUSDT,3943.11,0.008
1761460136427.0,ETHUSDT,3943.11,0.914
1761460136427.0,ETHUSDT,3943.11,0.006
1761460136427.0,ETHUSDT,3943.11,0.006
1761460136427.0,ETHUSDT,3943.11,0.006
1761460136427.0,ETHUSDT,3943.11,0.006
1761460136427.0,ETHUSDT,3943.11,5.073
1761460135990.0,ETHUSDT,3943.11,0.006
1761460135794.0,ETHUSDT,3943.12,0.011
1761460135744.0,ETHUSDT,3943.12,0.019
1761460135346.0,ETHUSDT,3943.12,1.0
1761460135112.0,ETHUSDT,3943.12,0.5
1761460134477.0,ETHUSDT,3943.12,0.183
1761460134477.0,ETHUSDT,3943.12,0.183
1761460134010.0,ETHUSDT,3943.11,0.007
1761460134010.0,ETHUSDT,3943.11,0.007
1761460133645.0,ETHUSDT,3943.11,0.413
1761460133645.0,ETHUSDT,3943.11,0.413
1761460133105.0,ETHUSDT,3943.12,0.06
1761460133105.0,ETHUSDT,3943.12,0.06
1761460132683.0,ETHUSDT,3943.12,0.033
1761460132683.0,ETHUSDT,3943.12,0.033
1761460131703.0,ETHUSDT,3943.12,0.336
1761460131703.0,ETHUSDT,3943.12,0.336
1761460130895.0,ETHUSDT,3943.12,0.012
1761460130895.0,ETHUSDT,3943.12,0.012
1761460130397.0,ETHUSDT,3943.11,0.007
1761460130397.0,ETHUSDT,3943.11,0.007
1761460130248.0,ETHUSDT,3943.12,0.415
1761460130248.0,ETHUSDT,3943.12,0.025
1761460130248.0,ETHUSDT,3943.12,0.175
1761460130248.0,ETHUSDT,3943.12,0.006
1761460130248.0,ETHUSDT,3943.12,0.148
1761460130248.0,ETHUSDT,3943.12,0.006
1761460130248.0,ETHUSDT,3943.12,0.006
1761460130248.0,ETHUSDT,3943.12,0.008
1761460130248.0,ETHUSDT,3943.12,0.1
1761460130248.0,ETHUSDT,3943.12,0.006
1761460130248.0,ETHUSDT,3943.12,0.006
1761460130248.0,ETHUSDT,3943.12,0.012
1761460130248.0,ETHUSDT,3943.12,0.415
1761460130248.0,ETHUSDT,3943.12,0.025
1761460130248.0,ETHUSDT,3943.12,0.175
1761460130248.0,ETHUSDT,3943.12,0.006
1761460130248.0,ETHUSDT,3943.12,0.148
1761460130248.0,ETHUSDT,3943.12,0.006
1761460130248.0,ETHUSDT,3943.12,0.006
1761460130248.0,ETHUSDT,3943.12,0.008
1761460130248.0,ETHUSDT,3943.12,0.1
1761460130248.0,ETHUSDT,3943.12,0.006
1761460130248.0,ETHUSDT,3943.12,0.006
1761460130248.0,ETHUSDT,3943.12,0.012
1761460130248.0,ETHUSDT,3943.12,0.571
1761460129828.0,ETHUSDT,3943.11,1.5
1761460129277.0,ETHUSDT,3943.12,0.038
1761460128750.0,ETHUSDT,3943.11,0.157
1761460127639.0,ETHUSDT,3943.11,0.003
1761460127546.0,ETHUSDT,3943.11,13.459
1761460126885.0,ETHUSDT,3943.12,0.064
1761460125720.0,ETHUSDT,3943.12,0.066
1761460125455.0,ETHUSDT,3943.11,0.019
1761460125455.0,ETHUSDT,3943.11,0.038
1761460124457.0,ETHUSDT,3943.12,0.015
1761460124169.0,ETHUSDT,3943.11,0.05
1761460123702.0,ETHUSDT,3943.11,0.019
1761460122968.0,ETHUSDT,3943.11,0.021
1761460122894.0,ETHUSDT,3943.12,0.034
1761460122714.0,ETHUSDT,3943.12,0.009
1761460122328.0,ETHUSDT,3943.12,0.5
1761460122328.0,ETHUSDT,3943.12,0.5
1761460120946.0,ETHUSDT,3943.11,0.137
1761460120946.0,ETHUSDT,3943.11,0.022
1761460120946.0,ETHUSDT,3943.11,0.025
1761460120946.0,ETHUSDT,3943.11,0.1
1761460120946.0,ETHUSDT,3943.11,0.02
1761460120946.0,ETHUSDT,3943.11,0.76
1761460120946.0,ETHUSDT,3943.11,0.024
1761460120946.0,ETHUSDT,3943.11,0.253
1761460120946.0,ETHUSDT,3943.11,0.013
1761460120946.0,ETHUSDT,3943.11,0.012
1761460120946.0,ETHUSDT,3943.11,0.012
1761460120946.0,ETHUSDT,3943.11,0.744
1761460120946.0,ETHUSDT,3943.11,0.137
1761460120946.0,ETHUSDT,3943.11,0.022
1761460120946.0,ETHUSDT,3943.11,0.025
1761460120946.0,ETHUSDT,3943.11,0.1
1761460120946.0,ETHUSDT,3943.11,0.02
1761460120946.0,ETHUSDT,3943.11,0.76
1761460120946.0,ETHUSDT,3943.11,0.024
1761460120946.0,ETHUSDT,3943.11,0.253
1761460120946.0,ETHUSDT,3943.11,0.013
1761460120946.0,ETHUSDT,3943.11,0.012
1761460120946.0,ETHUSDT,3943.11,0.012
1761460120946.0,ETHUSDT,3943.11,0.744
1761460120203.0,ETHUSDT,3943.12,0.057
1761460120203.0,ETHUSDT,3943.12,0.057
1761460120114.0,ETHUSDT,3943.12,0.38
1761460120114.0,ETHUSDT,3943.12,0.38
1761460120022.0,ETHUSDT,3943.12,2.521
1761460120022.0,ETHUSDT,3943.12,2.521
1761460119947.0,ETHUSDT,3943.11,0.196
1761460119947.0,ETHUSDT,3943.11,0.006
1761460119947.0,ETHUSDT,3943.11,0.012
1761460119947.0,ETHUSDT,3943.11,0.006
1761460119947.0,ETHUSDT,3943.11,0.006
1761460119947.0,ETHUSDT,3943.11,0.006
1761460119947.0,ETHUSDT,3943.11,0.006
1761460119947.0,ETHUSDT,3943.11,0.006
1761460119947.0,ETHUSDT,3943.11,0.006
1761460119947.0,ETHUSDT,3943.11,2.484
1761460119947.0,ETHUSDT,3943.11,0.196
1761460119947.0,ETHUSDT,3943.11,0.006
1761460119947.0,ETHUSDT,3943.11,0.012
1761460119947.0,ETHUSDT,3943.11,0.006
1761460119947.0,ETHUSDT,3943.11,0.006
1761460119947.0,ETHUSDT,3943.11,0.006
1761460119947.0,ETHUSDT,3943.11,0.006
1761460119947.0,ETHUSDT,3943.11,0.006
1761460119947.0,ETHUSDT,3943.11,0.006
1761460119947.0,ETHUSDT,3943.11,2.484
1761460119944.0,ETHUSDT,3943.12,0.004
1761460119944.0,ETHUSDT,3943.12,0.012
1761460119944.0,ETHUSDT,3943.12,0.012
1761460119944.0,ETHUSDT,3943.12,0.012
1761460119944.0,ETHUSDT,3943.12,0.086
1761460119944.0,ETHUSDT,3943.12,0.004
1761460119944.0,ETHUSDT,3943.12,0.012
1761460119944.0,ETHUSDT,3943.12,0.012
1761460119944.0,ETHUSDT,3943.12,0.012
1761460119944.0,ETHUSDT,3943.12,0.086
1761460119910.0,ETHUSDT,3943.11,0.716
1761460119910.0,ETHUSDT,3943.11,3.2
1761460119910.0,ETHUSDT,3943.11,0.598
1761460119910.0,ETHUSDT,3943.11,0.716
1761460119910.0,ETHUSDT,3943.11,3.2
1761460119910.0,ETHUSDT,3943.11,0.598
1761460119750.0,ETHUSDT,3943.11,0.2
1761460119750.0,ETHUSDT,3943.11,0.2
1761460119313.0,ETHUSDT,3943.11,2.319
1761460119313.0,ETHUSDT,3943.11,1.957
1761460119313.0,ETHUSDT,3943.11,2.319
1761460119313.0,ETHUSDT,3943.11,1.957
1761460118953.0,ETHUSDT,3943.12,0.7
1761460118953.0,ETHUSDT,3943.12,0.7
1761460118616.0,ETHUSDT,3943.12,0.29
1761460118616.0,ETHUSDT,3943.12,0.29
1761460118097.0,ETHUSDT,3943.12,0.018
1761460118097.0,ETHUSDT,3943.12,0.018
1761460117526.0,ETHUSDT,3943.11,0.173
1761460117526.0,ETHUSDT,3943.11,0.173
1761460117197.0,ETHUSDT,3943.12,0.007
1761460117197.0,ETHUSDT,3943.12,0.007
1761460117046.0,ETHUSDT,3943.12,1.069
1761460117046.0,ETHUSDT,3943.12,1.069
1761460116629.0,ETHUSDT,3943.12,0.006
1761460116629.0,ETHUSDT,3943.12,0.006
1761460116604.0,ETHUSDT,3943.12,0.139
1761460116604.0,ETHUSDT,3943.12,0.012
1761460116604.0,ETHUSDT,3943.12,0.011
1761460116604.0,ETHUSDT,3943.12,0.139
1761460116604.0,ETHUSDT,3943.12,0.012
1761460116604.0,ETHUSDT,3943.12,0.011
1761460116510.0,ETHUSDT,3943.12,0.001
1761460116510.0,ETHUSDT,3943.12,0.006
1761460116510.0,ETHUSDT,3943.12,0.006
1761460116510.0,ETHUSDT,3943.12,0.006
1761460116510.0,ETHUSDT,3943.12,0.006
1761460116510.0,ETHUSDT,3943.12,0.006
1761460116510.0,ETHUSDT,3943.12,0.4
1761460116510.0,ETHUSDT,3943.12,0.001
1761460116510.0,ETHUSDT,3943.12,0.006
1761460116510.0,ETHUSDT,3943.12,0.006
1761460116510.0,ETHUSDT,3943.12,0.006
1761460116510.0,ETHUSDT,3943.12,0.006
1761460116510.0,ETHUSDT,3943.12,0.006
1761460116510.0,ETHUSDT,3943.12,0.4
1761460116371.0,ETHUSDT,3943.12,0.074
1761460116371.0,ETHUSDT,3943.12,0.074
1761460115736.0,ETHUSDT,3943.11,0.535
1761460115736.0,ETHUSDT,3943.11,0.535
1761460115586.0,ETHUSDT,3943.12,0.126
1761460115586.0,ETHUSDT,3943.12,0.126
1761460115278.0,ETHUSDT,3943.12,0.006
1761460115278.0,ETHUSDT,3943.12,0.006
1761460115142.0,ETHUSDT,3943.11,0.006
1761460115142.0,ETHUSDT,3943.11,0.006
1761460113905.0,ETHUSDT,3943.11,0.1
1761460113905.0,ETHUSDT,3943.11,0.1
1761460113541.0,ETHUSDT,3943.11,0.345
1761460113541.0,ETHUSDT,3943.11,3.316
1761460113541.0,ETHUSDT,3943.11,2.12
1761460113541.0,ETHUSDT,3943.11,2.382
1761460113541.0,ETHUSDT,3943.11,0.345
1761460113541.0,ETHUSDT,3943.11,3.316
1761460113541.0,ETHUSDT,3943.11,2.12
1761460113541.0,ETHUSDT,3943.11,2.382
1761460113541.0,ETHUSDT,3943.11,7.837
1761460113502.0,ETHUSDT,3943.11,1.589
1761460113232.0,ETHUSDT,3943.12,0.12
1761460113130.0,ETHUSDT,3943.12,0.015
1761460112277.0,ETHUSDT,3943.12,0.134
1761460111680.0,ETHUSDT,3943.11,2.542
1761460111519.0,ETHUSDT,3943.12,0.349
1761460111182.0,ETHUSDT,3943.12,0.073
1761460111156.0,ETHUSDT,3943.12,0.018
1761460110728.0,ETHUSDT,3943.12,0.086
1761460110728.0,ETHUSDT,3943.12,0.178
1761460110728.0,ETHUSDT,3943.12,0.006
1761460109883.0,ETHUSDT,3943.11,0.025
1761460109883.0,ETHUSDT,3943.11,0.025
1761460108298.0,ETHUSDT,3943.12,0.058
1761460108298.0,ETHUSDT,3943.12,0.008
1761460108298.0,ETHUSDT,3943.12,0.006
1761460108298.0,ETHUSDT,3943.12,0.006
1761460108298.0,ETHUSDT,3943.12,0.006
1761460108298.0,ETHUSDT,3943.12,3.31
1761460108298.0,ETHUSDT,3943.12,0.006
1761460108298.0,ETHUSDT,3943.12,0.009
1761460108298.0,ETHUSDT,3943.12,0.05
1761460108298.0,ETHUSDT,3943.12,0.05
1761460108298.0,ETHUSDT,3943.12,0.012
1761460108298.0,ETHUSDT,3943.12,0.012
1761460108298.0,ETHUSDT,3943.12,0.012
1761460108298.0,ETHUSDT,3943.12,0.369
1761460108298.0,ETHUSDT,3943.12,4.702
1761460108298.0,ETHUSDT,3943.12,0.058
1761460108298.0,ETHUSDT,3943.12,0.008
1761460108298.0,ETHUSDT,3943.12,0.006
1761460108298.0,ETHUSDT,3943.12,0.006
1761460108298.0,ETHUSDT,3943.12,0.006
1761460108298.0,ETHUSDT,3943.12,3.31
1761460108298.0,ETHUSDT,3943.12,0.006
1761460108298.0,ETHUSDT,3943.12,0.009
1761460108298.0,ETHUSDT,3943.12,0.05
1761460108298.0,ETHUSDT,3943.12,0.05
1761460108298.0,ETHUSDT,3943.12,0.012
1761460108298.0,ETHUSDT,3943.12,0.012
1761460108298.0,ETHUSDT,3943.12,0.012
1761460108298.0,ETHUSDT,3943.12,0.369
1761460108298.0,ETHUSDT,3943.12,4.702
1761460108233.0,ETHUSDT,3943.12,0.025
1761460108233.0,ETHUSDT,3943.12,0.025
1761460108229.0,ETHUSDT,3943.12,0.069
1761460108229.0,ETHUSDT,3943.12,0.069
1761460108162.0,ETHUSDT,3943.12,0.002
1761460108162.0,ETHUSDT,3943.12,0.002
1761460108072.0,ETHUSDT,3943.11,0.007
1761460108072.0,ETHUSDT,3943.11,0.007
1761460108034.0,ETHUSDT,3943.12,0.003
1761460108034.0,ETHUSDT,3943.12,0.012
1761460108034.0,ETHUSDT,3943.12,0.006
1761460108034.0,ETHUSDT,3943.12,0.006
1761460108034.0,ETHUSDT,3943.12,0.003
1761460108034.0,ETHUSDT,3943.12,0.012
1761460108034.0,ETHUSDT,3943.12,0.006
1761460108034.0,ETHUSDT,3943.12,0.006
1761460108034.0,ETHUSDT,3943.12,0.006
1761460108034.0,ETHUSDT,3943.12,0.15
1761460108034.0,ETHUSDT,3943.12,0.006
1761460107140.0,ETHUSDT,3943.12,0.254
1761460107139.0,ETHUSDT,3943.12,0.067
1761460107139.0,ETHUSDT,3943.12,0.006
1761460107139.0,ETHUSDT,3943.12,0.006
1761460106938.0,ETHUSDT,3943.12,1.958
1761460106938.0,ETHUSDT,3943.12,0.614
1761460106938.0,ETHUSDT,3943.12,0.006
1761460106938.0,ETHUSDT,3943.12,0.006
1761460106938.0,ETHUSDT,3943.11,0.006
1761460106938.0,ETHUSDT,3943.11,0.011
1761460106938.0,ETHUSDT,3943.1,0.006
1761460106938.0,ETHUSDT,3943.1,0.03
1761460106938.0,ETHUSDT,3943.09,0.021
1761460106938.0,ETHUSDT,3943.09,0.021
1761460106938.0,ETHUSDT,3943.08,0.01
1761460106938.0,ETHUSDT,3943.08,0.006
1761460106938.0,ETHUSDT,3943.08,0.006
1761460106938.0,ETHUSDT,3943.08,0.006
1761460106938.0,ETHUSDT,3943.08,0.007
1761460106938.0,ETHUSDT,3943.08,0.011
1761460106938.0,ETHUSDT,3943.07,0.006
1761460106938.0,ETHUSDT,3943.05,0.011
1761460106938.0,ETHUSDT,3943.05,0.03
1761460106938.0,ETHUSDT,3943.04,0.012
1761460106938.0,ETHUSDT,3943.04,0.006
1761460106938.0,ETHUSDT,3943.04,0.006
1761460106938.0,ETHUSDT,3943.02,0.324
1761460106938.0,ETHUSDT,3943.02,0.011
1761460106938.0,ETHUSDT,3943.01,0.011
1761460106938.0,ETHUSDT,3943.01,0.171
1761460106938.0,ETHUSDT,3943.01,0.05
1761460106938.0,ETHUSDT,3943.01,0.05
1761460106938.0,ETHUSDT,3943.01,0.05
1761460106938.0,ETHUSDT,3943.01,0.05
1761460106938.0,ETHUSDT,3943.01,0.053
1761460106938.0,ETHUSDT,3943.01,0.03
1761460106938.0,ETHUSDT,3943.0,2.838
1761460106938.0,ETHUSDT,3943.0,1.268
1761460106938.0,ETHUSDT,3943.0,0.5
1761460106938.0,ETHUSDT,3943.0,0.006
1761460106938.0,ETHUSDT,3943.0,0.006
1761460106938.0,ETHUSDT,3943.0,0.297
1761460106938.0,ETHUSDT,3943.0,0.006
1761460106938.0,ETHUSDT,3943.0,0.05
1761460106938.0,ETHUSDT,3943.0,0.05
1761460106938.0,ETHUSDT,3943.0,0.05
1761460106938.0,ETHUSDT,3943.0,0.009
1761460106938.0,ETHUSDT,3943.0,0.168
1761460106938.0,ETHUSDT,3943.0,0.04
1761460106938.0,ETHUSDT,3942.98,0.986
1761460106938.0,ETHUSDT,3942.97,0.006
1761460106938.0,ETHUSDT,3942.97,0.011
1761460106938.0,ETHUSDT,3942.96,0.263
1761460106938.0,ETHUSDT,3942.96,0.006
1761460106938.0,ETHUSDT,3942.96,0.006
1761460106938.0,ETHUSDT,3942.96,0.006
1761460106938.0,ETHUSDT,3942.96,0.006
1761460106938.0,ETHUSDT,3942.96,0.244
1761460106938.0,ETHUSDT,3942.96,0.053
1761460106938.0,ETHUSDT,3942.96,0.006
1761460106932.0,ETHUSDT,3942.95,0.005
1761460106932.0,ETHUSDT,3942.95,0.025
1761460106932.0,ETHUSDT,3942.94,0.006
1761460106932.0,ETHUSDT,3942.94,0.006
1761460106932.0,ETHUSDT,3942.94,0.006
1761460106932.0,ETHUSDT,3942.94,0.007
1761460106928.0,ETHUSDT,3942.92,0.05
1761460106928.0,ETHUSDT,3942.92,0.045
1761460106927.0,ETHUSDT,3942.92,0.001
1761460106927.0,ETHUSDT,3942.92,0.006
1761460106927.0,ETHUSDT,3942.92,0.006
1761460106927.0,ETHUSDT,3942.9,0.006
1761460106927.0,ETHUSDT,3942.9,0.006
1761460097697.0,ETHUSDT,3942.88,0.409
1761460097415.0,ETHUSDT,3942.88,0.006
1761460096890.0,ETHUSDT,3942.88,0.031
1761460096743.0,ETHUSDT,3942.88,0.011
1761460096527.0,ETHUSDT,3942.87,0.007
1761460093998.0,ETHUSDT,3942.88,0.007
1761460093884.0,ETHUSDT,3942.88,3.654
1761460093884.0,ETHUSDT,3942.88,0.012
1761460093884.0,ETHUSDT,3942.88,1.487
1761460093884.0,ETHUSDT,3942.88,0.006
1761460093884.0,ETHUSDT,3942.88,0.006
1761460093884.0,ETHUSDT,3942.88,0.012
1761460093884.0,ETHUSDT,3942.88,0.012
1761460093884.0,ETHUSDT,3942.88,2.556
1761460093884.0,ETHUSDT,3942.88,0.012
1761460093884.0,ETHUSDT,3942.88,1.1
1761460093884.0,ETHUSDT,3942.88,0.012
1761460093797.0,ETHUSDT,3942.88,1.479
1761460093797.0,ETHUSDT,3942.88,3.31
1761460093797.0,ETHUSDT,3942.88,0.211
1761460092492.0,ETHUSDT,3942.88,0.006
1761460092198.0,ETHUSDT,3942.88,0.101
1761460091844.0,ETHUSDT,3942.88,0.006
1761460091827.0,ETHUSDT,3942.88,0.077
1761460091640.0,ETHUSDT,3942.87,0.003
1761460091348.0,ETHUSDT,3942.88,0.088
1761460091025.0,ETHUSDT,3942.88,0.1
1761460090958.0,ETHUSDT,3942.87,0.052
1761460090821.0,ETHUSDT,3942.88,0.254
1761460090821.0,ETHUSDT,3942.88,0.008
1761460090821.0,ETHUSDT,3942.88,0.05
1761460090821.0,ETHUSDT,3942.88,0.006
1761460090821.0,ETHUSDT,3942.88,0.006
1761460090821.0,ETHUSDT,3942.88,0.105
1761460090821.0,ETHUSDT,3942.88,0.1
1761460090821.0,ETHUSDT,3942.88,0.006
1761460090821.0,ETHUSDT,3942.88,0.006
1761460090821.0,ETHUSDT,3942.88,0.142
1761460090821.0,ETHUSDT,3942.88,0.254
1761460090761.0,ETHUSDT,3942.88,0.293
1761460089718.0,ETHUSDT,3942.87,0.126
1761460089503.0,ETHUSDT,3942.87,0.367
1761460089503.0,ETHUSDT,3942.87,0.144
1761460089343.0,ETHUSDT,3942.88,0.111
1761460089255.0,ETHUSDT,3942.88,0.6
1761460089214.0,ETHUSDT,3942.88,0.079
1761460088995.0,ETHUSDT,3942.88,0.006
1761460088060.0,ETHUSDT,3942.88,0.035
1761460088060.0,ETHUSDT,3942.88,0.006
1761460088060.0,ETHUSDT,3942.88,0.006
1761460088060.0,ETHUSDT,3942.88,0.003
1761460088059.0,ETHUSDT,3942.88,0.05
1761460088059.0,ETHUSDT,3942.88,0.317
1761460088059.0,ETHUSDT,3942.88,0.006
1761460088059.0,ETHUSDT,3942.88,0.02
1761460088049.0,ETHUSDT,3942.88,1.677
1761460088049.0,ETHUSDT,3942.88,0.006
1761460088049.0,ETHUSDT,3942.88,0.006
1761460088049.0,ETHUSDT,3942.88,0.006
1761460088049.0,ETHUSDT,3942.86,0.03
1761460088049.0,ETHUSDT,3942.84,1.0
1761460088049.0,ETHUSDT,3942.84,0.2
1761460088049.0,ETHUSDT,3942.84,0.006
1761460088049.0,ETHUSDT,3942.84,0.006
1761460088049.0,ETHUSDT,3942.83,0.031
1761460088049.0,ETHUSDT,3942.83,0.05
1761460088049.0,ETHUSDT,3942.82,0.006
1761460088049.0,ETHUSDT,3942.82,0.03
1761460088049.0,ETHUSDT,3942.81,0.031
1761460088049.0,ETHUSDT,3942.81,0.007
1761460088049.0,ETHUSDT,3942.81,0.006
1761460088049.0,ETHUSDT,3942.81,0.016
1761460088049.0,ETHUSDT,3942.81,0.007
1761460088049.0,ETHUSDT,3942.81,0.006
1761460088049.0,ETHUSDT,3942.81,0.031
1761460088049.0,ETHUSDT,3942.81,0.085
1761460088049.0,ETHUSDT,3942.81,0.029
1761460088049.0,ETHUSDT,3942.81,0.012
1761460088049.0,ETHUSDT,3942.81,0.031
1761460088049.0,ETHUSDT,3942.81,0.157
1761460088049.0,ETHUSDT,3942.81,0.006
1761460088049.0,ETHUSDT,3942.8,0.006
1761460088049.0,ETHUSDT,3942.8,0.006
1761460088049.0,ETHUSDT,3942.8,0.006
1761460088049.0,ETHUSDT,3942.8,0.006
1761460088049.0,ETHUSDT,3942.8,0.006
1761460088049.0,ETHUSDT,3942.8,0.006
1761460088049.0,ETHUSDT,3942.8,1.606
1761460088043.0,ETHUSDT,3942.8,0.12
1761460088043.0,ETHUSDT,3942.8,0.12
1761460088037.0,ETHUSDT,3942.8,1.094
1761460088037.0,ETHUSDT,3942.8,0.011
1761460088037.0,ETHUSDT,3942.8,0.05
1761460088037.0,ETHUSDT,3942.8,0.006
1761460088037.0,ETHUSDT,3942.8,0.015
1761460088037.0,ETHUSDT,3942.8,2.59
1761460088037.0,ETHUSDT,3942.8,3.387
1761460088037.0,ETHUSDT,3942.8,0.181
1761460088037.0,ETHUSDT,3942.8,0.007
1761460088037.0,ETHUSDT,3942.8,0.008
1761460086368.0,ETHUSDT,3942.8,1.0
1761460086330.0,ETHUSDT,3942.79,0.06
1761460085908.0,ETHUSDT,3942.8,0.5
1761460085888.0,ETHUSDT,3942.8,0.67
1761460085176.0,ETHUSDT,3942.79,0.077
1761460084427.0,ETHUSDT,3942.79,0.567
1761460084427.0,ETHUSDT,3942.79,0.048
1761460084305.0,ETHUSDT,3942.79,0.008
1761460083720.0,ETHUSDT,3942.79,0.253
1761460083718.0,ETHUSDT,3942.8,0.364
1761460083112.0,ETHUSDT,3942.8,0.255
1761460081762.0,ETHUSDT,3942.8,0.076
1761460081458.0,ETHUSDT,3942.79,0.603
1761460081293.0,ETHUSDT,3942.79,0.507
1761460080894.0,ETHUSDT,3942.8,0.007
1761460080520.0,ETHUSDT,3942.8,0.099
1761460078308.0,ETHUSDT,3942.79,0.3
1761460077268.0,ETHUSDT,3942.79,0.017
1761460077266.0,ETHUSDT,3942.79,0.022
1761460075384.0,ETHUSDT,3942.8,1.0
1761460075031.0,ETHUSDT,3942.8,0.269
1761460074426.0,ETHUSDT,3942.8,0.013
1761460074426.0,ETHUSDT,3942.8,0.013
1761460074106.0,ETHUSDT,3942.8,0.126
1761460074106.0,ETHUSDT,3942.8,0.126
1761460073946.0,ETHUSDT,3942.79,0.2
1761460073946.0,ETHUSDT,3942.79,0.2
1761460073759.0,ETHUSDT,3942.79,0.253
1761460073759.0,ETHUSDT,3942.79,0.253
1761460073680.0,ETHUSDT,3942.8,0.353
1761460073680.0,ETHUSDT,3942.8,0.353
1761460072925.0,ETHUSDT,3942.8,0.132
1761460072925.0,ETHUSDT,3942.8,0.132
1761460072729.0,ETHUSDT,3942.79,0.76
1761460072729.0,ETHUSDT,3942.79,0.76
1761460071867.0,ETHUSDT,3942.8,0.061
1761460071867.0,ETHUSDT,3942.8,0.061
1761460070374.0,ETHUSDT,3942.8,0.243
1761460070374.0,ETHUSDT,3942.8,0.006
1761460070374.0,ETHUSDT,3942.8,0.002
1761460070374.0,ETHUSDT,3942.8,0.243
1761460070374.0,ETHUSDT,3942.8,0.006
1761460070374.0,ETHUSDT,3942.8,0.002
1761460069297.0,ETHUSDT,3942.79,0.229
1761460069297.0,ETHUSDT,3942.79,0.835
1761460069297.0,ETHUSDT,3942.79,6.545
1761460069297.0,ETHUSDT,3942.79,0.229
1761460069297.0,ETHUSDT,3942.79,0.835
1761460069297.0,ETHUSDT,3942.79,6.545
1761460068656.0,ETHUSDT,3942.79,0.05
1761460068656.0,ETHUSDT,3942.79,0.05
1761460067271.0,ETHUSDT,3942.8,0.004
1761460067271.0,ETHUSDT,3942.8,0.006
1761460067271.0,ETHUSDT,3942.8,0.012
1761460067271.0,ETHUSDT,3942.8,0.012
1761460067271.0,ETHUSDT,3942.8,0.006
1761460067271.0,ETHUSDT,3942.8,0.006
1761460067271.0,ETHUSDT,3942.8,0.006
1761460067271.0,ETHUSDT,3942.8,0.006
1761460067271.0,ETHUSDT,3942.8,0.006
1761460067271.0,ETHUSDT,3942.8,0.006
1761460067271.0,ETHUSDT,3942.8,0.004
1761460067271.0,ETHUSDT,3942.8,0.006
1761460067271.0,ETHUSDT,3942.8,0.012
1761460067271.0,ETHUSDT,3942.8,0.012
1761460067271.0,ETHUSDT,3942.8,0.006
1761460067271.0,ETHUSDT,3942.8,0.006
1761460067271.0,ETHUSDT,3942.8,0.006
1761460067271.0,ETHUSDT,3942.8,0.006
1761460067271.0,ETHUSDT,3942.8,0.006
1761460067271.0,ETHUSDT,3942.8,0.006
1761460067125.0,ETHUSDT,3942.79,0.313
1761460067125.0,ETHUSDT,3942.79,0.313
1761460064867.0,ETHUSDT,3942.8,7.462
1761460064867.0,ETHUSDT,3942.8,2.414
1761460064867.0,ETHUSDT,3942.8,7.462
1761460064867.0,ETHUSDT,3942.8,2.414
1761460062894.0,ETHUSDT,3942.8,0.048
1761460062894.0,ETHUSDT,3942.8,0.048
1761460062751.0,ETHUSDT,3942.8,0.33
1761460062751.0,ETHUSDT,3942.8,0.33
1761460062078.0,ETHUSDT,3942.79,0.051
1761460062078.0,ETHUSDT,3942.79,0.051
1761460062078.0,ETHUSDT,3942.79,0.051
1761460059727.0,ETHUSDT,3942.8,0.007
1761460059727.0,ETHUSDT,3942.8,0.007
1761460059727.0,ETHUSDT,3942.8,0.007
1761460059313.0,ETHUSDT,3942.8,0.235
1761460059313.0,ETHUSDT,3942.8,0.235
1761460059313.0,ETHUSDT,3942.8,0.235
1761460058610.0,ETHUSDT,3942.79,0.03
1761460058610.0,ETHUSDT,3942.79,0.03
1761460058610.0,ETHUSDT,3942.79,0.03
1761460057686.0,ETHUSDT,3942.8,0.136
1761460057686.0,ETHUSDT,3942.8,0.136
1761460057686.0,ETHUSDT,3942.8,0.136
1761460057374.0,ETHUSDT,3942.8,0.395
1761460057374.0,ETHUSDT,3942.8,0.395
1761460057374.0,ETHUSDT,3942.8,0.395
1761460057318.0,ETHUSDT,3942.8,2.25
1761460057318.0,ETHUSDT,3942.8,2.25
1761460057318.0,ETHUSDT,3942.8,2.25
1761460056216.0,ETHUSDT,3942.79,1.0
1761460056216.0,ETHUSDT,3942.79,1.0
1761460056216.0,ETHUSDT,3942.79,1.0
1761460055633.0,ETHUSDT,3942.79,0.003
1761460055633.0,ETHUSDT,3942.79,0.003
1761460055633.0,ETHUSDT,3942.79,0.003
1761460055489.0,ETHUSDT,3942.79,0.1
1761460055489.0,ETHUSDT,3942.79,0.1
1761460055489.0,ETHUSDT,3942.79,0.1
1761460054884.0,ETHUSDT,3942.8,0.139
1761460054884.0,ETHUSDT,3942.8,0.139
1761460054884.0,ETHUSDT,3942.8,0.139
1761460054777.0,ETHUSDT,3942.8,0.059
1761460054777.0,ETHUSDT,3942.8,0.059
1761460054777.0,ETHUSDT,3942.8,0.059
1761460052942.0,ETHUSDT,3942.79,0.945
1761460052942.0,ETHUSDT,3942.79,0.945
1761460052942.0,ETHUSDT,3942.79,0.945
1761460051816.0,ETHUSDT,3942.79,0.013
1761460051816.0,ETHUSDT,3942.79,0.013
1761460051816.0,ETHUSDT,3942.79,0.013
1761460050234.0,ETHUSDT,3942.8,0.15
1761460050234.0,ETHUSDT,3942.8,0.15
1761460050234.0,ETHUSDT,3942.8,0.15
1761460050234.0,ETHUSDT,3942.8,0.15
1761460049958.0,ETHUSDT,3942.8,0.062
1761460049958.0,ETHUSDT,3942.8,0.062
1761460049958.0,ETHUSDT,3942.8,0.062
1761460049958.0,ETHUSDT,3942.8,0.062
1761460049891.0,ETHUSDT,3942.79,0.706
1761460049891.0,ETHUSDT,3942.79,0.706
1761460049891.0,ETHUSDT,3942.79,0.706
1761460049891.0,ETHUSDT,3942.79,0.706
1761460048807.0,ETHUSDT,3942.79,2.11
1761460048807.0,ETHUSDT,3942.79,2.11
1761460048807.0,ETHUSDT,3942.79,2.11
1761460048807.0,ETHUSDT,3942.79,2.11
1761460048392.0,ETHUSDT,3942.8,0.02
1761460048392.0,ETHUSDT,3942.8,0.02
1761460048392.0,ETHUSDT,3942.8,0.02
1761460048392.0,ETHUSDT,3942.8,0.02
1761460048161.0,ETHUSDT,3942.8,0.254
1761460048161.0,ETHUSDT,3942.8,0.141
1761460048161.0,ETHUSDT,3942.8,0.254
1761460048161.0,ETHUSDT,3942.8,0.254
1761460048161.0,ETHUSDT,3942.8,0.254
1761460048161.0,ETHUSDT,3942.8,0.141
1761460048161.0,ETHUSDT,3942.8,0.254
1761460048161.0,ETHUSDT,3942.8,0.254
1761460048161.0,ETHUSDT,3942.8,0.254
1761460048161.0,ETHUSDT,3942.8,0.141
1761460048161.0,ETHUSDT,3942.8,0.254
1761460048161.0,ETHUSDT,3942.8,0.254
1761460048161.0,ETHUSDT,3942.8,0.254
1761460048161.0,ETHUSDT,3942.8,0.141
1761460048161.0,ETHUSDT,3942.8,0.254
1761460048161.0,ETHUSDT,3942.8,0.254
1761460047899.0,ETHUSDT,3942.8,0.006
1761460047899.0,ETHUSDT,3942.8,0.006
1761460047899.0,ETHUSDT,3942.8,0.006
1761460047899.0,ETHUSDT,3942.8,0.006
1761460047505.0,ETHUSDT,3942.8,0.2
1761460047505.0,ETHUSDT,3942.8,0.2
1761460047505.0,ETHUSDT,3942.8,0.2
1761460047505.0,ETHUSDT,3942.8,0.2
1761460047138.0,ETHUSDT,3942.8,0.254
1761460047138.0,ETHUSDT,3942.8,0.254
1761460047138.0,ETHUSDT,3942.8,0.254
1761460047138.0,ETHUSDT,3942.8,0.254
1761460044961.0,ETHUSDT,3942.8,1.001
1761460044961.0,ETHUSDT,3942.8,1.001
1761460044961.0,ETHUSDT,3942.8,1.001
1761460044961.0,ETHUSDT,3942.8,1.001
1761460044295.0,ETHUSDT,3942.79,0.02
1761460044295.0,ETHUSDT,3942.79,0.02
1761460044295.0,ETHUSDT,3942.79,0.02
1761460044295.0,ETHUSDT,3942.79,0.02
1761460044067.0,ETHUSDT,3942.8,2.536
1761460044067.0,ETHUSDT,3942.8,2.536
1761460044067.0,ETHUSDT,3942.8,2.536
1761460044067.0,ETHUSDT,3942.8,2.536
1761460042684.0,ETHUSDT,3942.8,1.272
1761460042684.0,ETHUSDT,3942.8,1.272
1761460042684.0,ETHUSDT,3942.8,1.272
1761460042684.0,ETHUSDT,3942.8,1.272
1761460042591.0,ETHUSDT,3942.8,0.104
1761460042591.0,ETHUSDT,3942.8,0.104
1761460042591.0,ETHUSDT,3942.8,0.104
1761460042591.0,ETHUSDT,3942.8,0.104
1761460041654.0,ETHUSDT,3942.79,0.114
1761460041654.0,ETHUSDT,3942.79,0.114
1761460041654.0,ETHUSDT,3942.79,0.114
1761460041654.0,ETHUSDT,3942.79,0.114
1761460041097.0,ETHUSDT,3942.8,0.5
1761460041097.0,ETHUSDT,3942.8,0.5
1761460041097.0,ETHUSDT,3942.8,0.5
1761460041097.0,ETHUSDT,3942.8,0.5
1761460040477.0,ETHUSDT,3942.8,0.007
1761460040477.0,ETHUSDT,3942.8,0.007
1761460040477.0,ETHUSDT,3942.8,0.007
1761460040477.0,ETHUSDT,3942.8,0.007
1761460040373.0,ETHUSDT,3942.8,0.007
1761460040373.0,ETHUSDT,3942.8,0.007
1761460040373.0,ETHUSDT,3942.8,0.007
1761460040373.0,ETHUSDT,3942.8,0.007
1761460040216.0,ETHUSDT,3942.8,1.0
1761460040216.0,ETHUSDT,3942.8,1.0
1761460040216.0,ETHUSDT,3942.8,1.0
1761460040216.0,ETHUSDT,3942.8,1.0
1761460040140.0,ETHUSDT,3942.8,0.951
1761460040140.0,ETHUSDT,3942.8,0.006
1761460040140.0,ETHUSDT,3942.8,0.951
1761460040140.0,ETHUSDT,3942.8,0.006
1761460040140.0,ETHUSDT,3942.8,0.951
1761460040140.0,ETHUSDT,3942.8,0.006
1761460040140.0,ETHUSDT,3942.8,0.951
1761460040140.0,ETHUSDT,3942.8,0.006
1761460039991.0,ETHUSDT,3942.8,0.001
1761460039991.0,ETHUSDT,3942.8,0.253
1761460039991.0,ETHUSDT,3942.8,0.027
1761460039991.0,ETHUSDT,3942.8,0.001
1761460039991.0,ETHUSDT,3942.8,0.253
1761460039991.0,ETHUSDT,3942.8,0.027
1761460039991.0,ETHUSDT,3942.8,0.001
1761460039991.0,ETHUSDT,3942.8,0.253
1761460039991.0,ETHUSDT,3942.8,0.027
1761460039991.0,ETHUSDT,3942.8,0.001
1761460039991.0,ETHUSDT,3942.8,0.253
1761460039991.0,ETHUSDT,3942.8,0.027
1761460039988.0,ETHUSDT,3942.8,0.226
1761460039988.0,ETHUSDT,3942.8,0.006
1761460039988.0,ETHUSDT,3942.8,0.006
1761460039988.0,ETHUSDT,3942.8,0.006
1761460039988.0,ETHUSDT,3942.8,0.008
1761460039988.0,ETHUSDT,3942.8,0.011
1761460039988.0,ETHUSDT,3942.8,0.006
1761460039988.0,ETHUSDT,3942.8,0.006
1761460039988.0,ETHUSDT,3942.8,0.226
1761460039988.0,ETHUSDT,3942.8,0.006
1761460039988.0,ETHUSDT,3942.8,0.006
1761460039988.0,ETHUSDT,3942.8,0.006
1761460039988.0,ETHUSDT,3942.8,0.008
1761460039988.0,ETHUSDT,3942.8,0.011
1761460039988.0,ETHUSDT,3942.8,0.006
1761460039988.0,ETHUSDT,3942.8,0.006
1761460039988.0,ETHUSDT,3942.79,0.007
1761460039988.0,ETHUSDT,3942.78,0.278
1761460039988.0,ETHUSDT,3942.76,0.253
1761460039988.0,ETHUSDT,3942.76,0.006
1761460039988.0,ETHUSDT,3942.76,0.006
1761460039988.0,ETHUSDT,3942.76,0.03
1761460039988.0,ETHUSDT,3942.75,0.011
1761460039988.0,ETHUSDT,3942.74,0.905
1761460039988.0,ETHUSDT,3942.72,0.2
1761460039988.0,ETHUSDT,3942.72,0.006
1761460039988.0,ETHUSDT,3942.72,0.006
1761460039988.0,ETHUSDT,3942.72,0.03
1761460039988.0,ETHUSDT,3942.7,0.02
1761460039988.0,ETHUSDT,3942.7,0.021
1761460039988.0,ETHUSDT,3942.7,0.087
1761460039988.0,ETHUSDT,3942.7,0.029
1761460039988.0,ETHUSDT,3942.69,0.006
1761460039988.0,ETHUSDT,3942.68,0.006
1761460039988.0,ETHUSDT,3942.68,0.006
1761460039988.0,ETHUSDT,3942.68,0.006
1761460039988.0,ETHUSDT,3942.68,0.03
1761460039988.0,ETHUSDT,3942.8,0.226
1761460039988.0,ETHUSDT,3942.8,0.006
1761460039988.0,ETHUSDT,3942.8,0.006
1761460039988.0,ETHUSDT,3942.8,0.006
1761460039988.0,ETHUSDT,3942.8,0.008
1761460039988.0,ETHUSDT,3942.8,0.011
1761460039988.0,ETHUSDT,3942.8,0.006
1761460039988.0,ETHUSDT,3942.8,0.006
1761460039988.0,ETHUSDT,3942.79,0.007
1761460039988.0,ETHUSDT,3942.78,0.278
1761460039988.0,ETHUSDT,3942.76,0.253
1761460039988.0,ETHUSDT,3942.76,0.006
1761460039988.0,ETHUSDT,3942.76,0.006
1761460039988.0,ETHUSDT,3942.76,0.03
1761460039988.0,ETHUSDT,3942.75,0.011
1761460039988.0,ETHUSDT,3942.74,0.905
1761460039988.0,ETHUSDT,3942.72,0.2
1761460039988.0,ETHUSDT,3942.72,0.006
1761460039988.0,ETHUSDT,3942.72,0.006
1761460039988.0,ETHUSDT,3942.72,0.03
1761460039988.0,ETHUSDT,3942.7,0.02
1761460039988.0,ETHUSDT,3942.7,0.021
1761460039988.0,ETHUSDT,3942.7,0.087
1761460039988.0,ETHUSDT,3942.7,0.029
1761460039988.0,ETHUSDT,3942.69,0.006
1761460039988.0,ETHUSDT,3942.68,0.006
1761460039988.0,ETHUSDT,3942.68,0.006
1761460039988.0,ETHUSDT,3942.68,0.006
1761460039988.0,ETHUSDT,3942.68,0.03
1761460039988.0,ETHUSDT,3942.67,1.0
1761460039988.0,ETHUSDT,3942.67,0.03
1761460039988.0,ETHUSDT,3942.67,0.03
1761460039988.0,ETHUSDT,3942.66,0.2
1761460039988.0,ETHUSDT,3942.65,0.173
1761460039988.0,ETHUSDT,3942.64,0.05
1761460039988.0,ETHUSDT,3942.64,0.006
1761460039988.0,ETHUSDT,3942.64,0.029
1761460039988.0,ETHUSDT,3942.64,0.085
1761460039988.0,ETHUSDT,3942.64,0.05
1761460039988.0,ETHUSDT,3942.64,0.031
1761460039988.0,ETHUSDT,3942.64,0.05
1761460039988.0,ETHUSDT,3942.64,0.329
1761460039988.0,ETHUSDT,3942.64,0.155
1761460039988.0,ETHUSDT,3942.64,0.006
1761460039988.0,ETHUSDT,3942.64,0.006
1761460039988.0,ETHUSDT,3942.64,0.03
1761460039988.0,ETHUSDT,3942.63,0.006
1761460039988.0,ETHUSDT,3942.63,0.008
1761460039988.0,ETHUSDT,3942.63,0.015
1761460039988.0,ETHUSDT,3942.63,0.273
1761460039988.0,ETHUSDT,3942.63,0.273
1761460039988.0,ETHUSDT,3942.63,0.273
1761460039988.0,ETHUSDT,3942.63,0.273
1761460039988.0,ETHUSDT,3942.63,0.273
1761460039988.0,ETHUSDT,3942.63,0.273
1761460039988.0,ETHUSDT,3942.63,0.273
1761460039988.0,ETHUSDT,3942.63,0.273
1761460039988.0,ETHUSDT,3942.63,0.273
1761460039988.0,ETHUSDT,3942.63,0.273
1761460039988.0,ETHUSDT,3942.8,0.226
1761460039988.0,ETHUSDT,3942.8,0.006
1761460039988.0,ETHUSDT,3942.8,0.006
1761460039988.0,ETHUSDT,3942.8,0.006
1761460039988.0,ETHUSDT,3942.8,0.008
1761460039988.0,ETHUSDT,3942.8,0.011
1761460039988.0,ETHUSDT,3942.8,0.006
1761460039988.0,ETHUSDT,3942.8,0.006
1761460039988.0,ETHUSDT,3942.79,0.007
1761460039988.0,ETHUSDT,3942.78,0.278
1761460039988.0,ETHUSDT,3942.76,0.253
1761460039988.0,ETHUSDT,3942.76,0.006
1761460039988.0,ETHUSDT,3942.76,0.006
1761460039988.0,ETHUSDT,3942.76,0.03
1761460039988.0,ETHUSDT,3942.75,0.011
1761460039988.0,ETHUSDT,3942.74,0.905
1761460039988.0,ETHUSDT,3942.72,0.2
1761460039988.0,ETHUSDT,3942.72,0.006
1761460039988.0,ETHUSDT,3942.72,0.006
1761460039988.0,ETHUSDT,3942.72,0.03
1761460039988.0,ETHUSDT,3942.7,0.02
1761460039988.0,ETHUSDT,3942.7,0.021
1761460039988.0,ETHUSDT,3942.7,0.087
1761460039988.0,ETHUSDT,3942.7,0.029
1761460039988.0,ETHUSDT,3942.69,0.006
1761460039988.0,ETHUSDT,3942.68,0.006
1761460039988.0,ETHUSDT,3942.68,0.006
1761460039988.0,ETHUSDT,3942.68,0.006
1761460039988.0,ETHUSDT,3942.68,0.03
1761460039988.0,ETHUSDT,3942.67,1.0
1761460039988.0,ETHUSDT,3942.67,0.03
1761460039988.0,ETHUSDT,3942.67,0.03
1761460039988.0,ETHUSDT,3942.66,0.2
1761460039988.0,ETHUSDT,3942.65,0.173
1761460039988.0,ETHUSDT,3942.64,0.05
1761460039988.0,ETHUSDT,3942.64,0.006
1761460039988.0,ETHUSDT,3942.64,0.029
1761460039988.0,ETHUSDT,3942.64,0.085
1761460039988.0,ETHUSDT,3942.64,0.05
1761460039988.0,ETHUSDT,3942.64,0.031
1761460039988.0,ETHUSDT,3942.64,0.05
1761460039988.0,ETHUSDT,3942.64,0.329
1761460039988.0,ETHUSDT,3942.64,0.155
1761460039988.0,ETHUSDT,3942.64,0.006
1761460039988.0,ETHUSDT,3942.64,0.006
1761460039988.0,ETHUSDT,3942.64,0.03
1761460039988.0,ETHUSDT,3942.63,0.006
1761460039988.0,ETHUSDT,3942.63,0.008
1761460039988.0,ETHUSDT,3942.63,0.015
1761460039988.0,ETHUSDT,3942.63,0.273
1761460039988.0,ETHUSDT,3942.63,0.273
1761460039988.0,ETHUSDT,3942.63,0.273
1761460039988.0,ETHUSDT,3942.63,0.273
1761460039988.0,ETHUSDT,3942.63,0.273
1761460039988.0,ETHUSDT,3942.63,0.273
1761460039988.0,ETHUSDT,3942.63,0.273
1761460039988.0,ETHUSDT,3942.63,0.273
1761460039988.0,ETHUSDT,3942.63,0.273
1761460039988.0,ETHUSDT,3942.63,0.273
1761460039988.0,ETHUSDT,3942.63,0.365
1761460039988.0,ETHUSDT,3942.63,0.365
1761460039988.0,ETHUSDT,3942.63,0.365
1761460039988.0,ETHUSDT,3942.63,0.365
1761460039988.0,ETHUSDT,3942.63,0.365
1761460039988.0,ETHUSDT,3942.63,0.006
1761460039988.0,ETHUSDT,3942.63,0.006
1761460039988.0,ETHUSDT,3942.63,0.062
1761460039988.0,ETHUSDT,3942.63,0.008
1761460039988.0,ETHUSDT,3942.63,0.009
1761460039988.0,ETHUSDT,3942.63,0.006
1761460039988.0,ETHUSDT,3942.63,1.357
1761460039988.0,ETHUSDT,3942.63,0.006
1761460039988.0,ETHUSDT,3942.63,0.006
1761460038806.0,ETHUSDT,3942.63,0.018
1761460038806.0,ETHUSDT,3942.63,0.004
1761460038806.0,ETHUSDT,3942.63,7.089
1761460038806.0,ETHUSDT,3942.63,0.006
1761460038806.0,ETHUSDT,3942.63,0.014
1761460038806.0,ETHUSDT,3942.63,0.006
1761460038806.0,ETHUSDT,3942.63,0.006
1761460038806.0,ETHUSDT,3942.63,0.012
1761460038806.0,ETHUSDT,3942.63,0.012
1761460038806.0,ETHUSDT,3942.63,0.342
1761460038806.0,ETHUSDT,3942.63,0.012
1761460038806.0,ETHUSDT,3942.63,0.006
1761460038806.0,ETHUSDT,3942.63,0.149
1761460038806.0,ETHUSDT,3942.63,0.006
1761460038806.0,ETHUSDT,3942.63,0.365
1761460038806.0,ETHUSDT,3942.63,0.365
1761460038806.0,ETHUSDT,3942.63,0.365
1761460038806.0,ETHUSDT,3942.63,0.365
1761460038806.0,ETHUSDT,3942.63,0.365
1761460038806.0,ETHUSDT,3942.63,0.365
1761460038806.0,ETHUSDT,3942.63,0.015
1761460038806.0,ETHUSDT,3942.63,0.015
1761460038806.0,ETHUSDT,3942.63,0.015
1761460038806.0,ETHUSDT,3942.63,0.012
1761460038806.0,ETHUSDT,3942.63,0.008
1761460038806.0,ETHUSDT,3942.63,0.021
1761460038469.0,ETHUSDT,3942.63,0.15
1761460038414.0,ETHUSDT,3942.63,0.002
1761460038414.0,ETHUSDT,3942.63,0.006
1761460038162.0,ETHUSDT,3942.62,0.056
1761460036502.0,ETHUSDT,3942.63,13.761
1761460036239.0,ETHUSDT,3942.63,0.174
1761460036102.0,ETHUSDT,3942.63,0.564
1761460036102.0,ETHUSDT,3942.63,0.31
1761460035997.0,ETHUSDT,3942.63,0.135
1761460035921.0,ETHUSDT,3942.63,0.4
1761460035215.0,ETHUSDT,3942.62,0.812
1761460035082.0,ETHUSDT,3942.63,0.186
1761460034994.0,ETHUSDT,3942.62,0.006
1761460034830.0,ETHUSDT,3942.63,0.06
1761460034802.0,ETHUSDT,3942.62,0.039
1761460034802.0,ETHUSDT,3942.62,0.341
1761460033926.0,ETHUSDT,3942.63,0.3
1761460032616.0,ETHUSDT,3942.63,0.254
1761460032616.0,ETHUSDT,3942.63,0.254
1761460032616.0,ETHUSDT,3942.63,0.254
1761460032616.0,ETHUSDT,3942.63,0.254
1761460032616.0,ETHUSDT,3942.63,0.254
1761460032616.0,ETHUSDT,3942.63,0.254
1761460032616.0,ETHUSDT,3942.63,0.254
1761460032616.0,ETHUSDT,3942.63,0.254
1761460032616.0,ETHUSDT,3942.63,0.245
1761460032616.0,ETHUSDT,3942.63,0.009
1761460032615.0,ETHUSDT,3942.63,0.003
1761460032615.0,ETHUSDT,3942.63,0.006
1761460032615.0,ETHUSDT,3942.63,0.012
1761460032615.0,ETHUSDT,3942.63,0.012
1761460032615.0,ETHUSDT,3942.63,0.012
1761460032615.0,ETHUSDT,3942.63,0.209
1761460032615.0,ETHUSDT,3942.63,0.254
1761460031099.0,ETHUSDT,3942.63,0.2
1761460031041.0,ETHUSDT,3942.63,0.079
1761460030616.0,ETHUSDT,3942.63,0.7
1761460030086.0,ETHUSDT,3942.62,2.097
1761460029597.0,ETHUSDT,3942.63,0.059
1761460029479.0,ETHUSDT,3942.63,0.015
1761460029306.0,ETHUSDT,3942.62,0.752
1761460028756.0,ETHUSDT,3942.63,0.288
1761460027894.0,ETHUSDT,3942.63,0.026
1761460026648.0,ETHUSDT,3942.62,0.031
1761460026648.0,ETHUSDT,3942.62,0.031
1761460026544.0,ETHUSDT,3942.63,0.114
1761460026544.0,ETHUSDT,3942.63,0.114
1761460026018.0,ETHUSDT,3942.62,3.955
1761460026018.0,ETHUSDT,3942.62,3.955
1761460025620.0,ETHUSDT,3942.62,0.7
1761460025620.0,ETHUSDT,3942.62,0.7
1761460025252.0,ETHUSDT,3942.62,0.048
1761460025252.0,ETHUSDT,3942.62,0.048
1761460024710.0,ETHUSDT,3942.63,0.1
1761460024710.0,ETHUSDT,3942.63,0.1
1761460024512.0,ETHUSDT,3942.63,0.035
1761460024512.0,ETHUSDT,3942.63,0.035
1761460024269.0,ETHUSDT,3942.63,0.254
1761460024269.0,ETHUSDT,3942.63,0.254
1761460024269.0,ETHUSDT,3942.63,0.122
1761460024269.0,ETHUSDT,3942.63,0.254
1761460024269.0,ETHUSDT,3942.63,0.254
1761460024269.0,ETHUSDT,3942.63,0.122
1761460024241.0,ETHUSDT,3942.62,3.253
1761460024241.0,ETHUSDT,3942.62,3.253
1761460022996.0,ETHUSDT,3942.62,0.432
1761460022996.0,ETHUSDT,3942.62,0.432
1761460022994.0,ETHUSDT,3942.63,0.007
1761460022994.0,ETHUSDT,3942.63,0.007
1761460022845.0,ETHUSDT,3942.63,0.587
1761460022845.0,ETHUSDT,3942.63,0.005
1761460022845.0,ETHUSDT,3942.63,0.587
1761460022845.0,ETHUSDT,3942.63,0.005
1761460022215.0,ETHUSDT,3942.62,1.0
1761460022215.0,ETHUSDT,3942.62,1.0
1761460021740.0,ETHUSDT,3942.62,0.918
1761460021740.0,ETHUSDT,3942.62,0.918
1761460020804.0,ETHUSDT,3942.63,0.001
1761460020804.0,ETHUSDT,3942.63,0.006
1761460020804.0,ETHUSDT,3942.63,0.007
1761460020804.0,ETHUSDT,3942.63,0.006
1761460020804.0,ETHUSDT,3942.63,0.006
1761460020804.0,ETHUSDT,3942.63,0.006
1761460020804.0,ETHUSDT,3942.63,0.006
1761460020804.0,ETHUSDT,3942.63,0.006
1761460020804.0,ETHUSDT,3942.63,0.006
1761460020804.0,ETHUSDT,3942.63,0.001
1761460020804.0,ETHUSDT,3942.63,0.006
1761460020804.0,ETHUSDT,3942.63,0.007
1761460020804.0,ETHUSDT,3942.63,0.006
1761460020804.0,ETHUSDT,3942.63,0.006
1761460020804.0,ETHUSDT,3942.63,0.006
1761460020804.0,ETHUSDT,3942.63,0.006
1761460020804.0,ETHUSDT,3942.63,0.006
1761460020804.0,ETHUSDT,3942.63,0.006
1761460020794.0,ETHUSDT,3942.63,0.458
1761460020794.0,ETHUSDT,3942.63,0.006
1761460020794.0,ETHUSDT,3942.63,0.006
1761460020794.0,ETHUSDT,3942.63,0.006
1761460020794.0,ETHUSDT,3942.63,0.006
1761460020794.0,ETHUSDT,3942.63,0.458
1761460020794.0,ETHUSDT,3942.63,0.006
1761460020794.0,ETHUSDT,3942.63,0.006
1761460020794.0,ETHUSDT,3942.63,0.006
1761460020794.0,ETHUSDT,3942.63,0.006
1761460020794.0,ETHUSDT,3942.63,0.006
1761460020794.0,ETHUSDT,3942.63,0.006
1761460020775.0,ETHUSDT,3942.61,0.03
1761460020775.0,ETHUSDT,3942.6,0.062
1761460020775.0,ETHUSDT,3942.6,0.006
1761460020775.0,ETHUSDT,3942.6,0.006
1761460020775.0,ETHUSDT,3942.6,0.006
1761460020775.0,ETHUSDT,3942.6,0.011
1761460020775.0,ETHUSDT,3942.6,0.03
1761460020775.0,ETHUSDT,3942.59,0.011
1761460020775.0,ETHUSDT,3942.58,0.006
1761460020775.0,ETHUSDT,3942.57,0.01
1761460020775.0,ETHUSDT,3942.57,0.011
1761460020775.0,ETHUSDT,3942.56,0.006
1761460020775.0,ETHUSDT,3942.56,0.006
1761460020775.0,ETHUSDT,3942.56,0.007
1761460020775.0,ETHUSDT,3942.56,0.03
1761460020775.0,ETHUSDT,3942.54,0.006
1761460020775.0,ETHUSDT,3942.54,0.011
1761460020775.0,ETHUSDT,3942.52,0.006
1761460020775.0,ETHUSDT,3942.52,0.006
1761460020775.0,ETHUSDT,3942.52,0.006
1761460020775.0,ETHUSDT,3942.52,0.03
1761460020774.0,ETHUSDT,3942.51,0.006
1761460020774.0,ETHUSDT,3942.51,0.006
1761460020774.0,ETHUSDT,3942.51,0.011
1761460020769.0,ETHUSDT,3942.5,0.006
1761460020767.0,ETHUSDT,3942.49,0.006
1761460020767.0,ETHUSDT,3942.49,0.006
1761460020756.0,ETHUSDT,3942.46,0.012
1761460020756.0,ETHUSDT,3942.46,0.03
1761460020756.0,ETHUSDT,3942.45,0.003
1761460020755.0,ETHUSDT,3942.45,0.003
1761460020755.0,ETHUSDT,3942.45,0.006
1761460020755.0,ETHUSDT,3942.45,0.006
1761460020755.0,ETHUSDT,3942.45,0.006
1761460020755.0,ETHUSDT,3942.45,0.006
1761460020755.0,ETHUSDT,3942.45,0.006
1761460020755.0,ETHUSDT,3942.45,0.006
1761460020755.0,ETHUSDT,3942.45,0.489
1761460020750.0,ETHUSDT,3942.44,0.006
1761460020750.0,ETHUSDT,3942.44,0.006
1761460020750.0,ETHUSDT,3942.44,0.006
1761460020750.0,ETHUSDT,3942.44,0.01
1761460020730.0,ETHUSDT,3942.42,0.011
1761460020730.0,ETHUSDT,3942.41,0.443
1761460020730.0,ETHUSDT,3942.41,0.006
1761460020730.0,ETHUSDT,3942.41,0.03
1761460020730.0,ETHUSDT,3942.4,0.322
1761460020730.0,ETHUSDT,3942.4,0.443
1761460020730.0,ETHUSDT,3942.4,0.006
1761460020730.0,ETHUSDT,3942.39,0.299
1761460020730.0,ETHUSDT,3942.39,0.452
1761460020730.0,ETHUSDT,3942.39,0.011
1761460020730.0,ETHUSDT,3942.38,0.311
1761460020730.0,ETHUSDT,3942.38,0.446
1761460020730.0,ETHUSDT,3942.38,0.489
1761460020730.0,ETHUSDT,3942.37,0.006
1761460020730.0,ETHUSDT,3942.37,0.446
1761460020730.0,ETHUSDT,3942.37,0.313
1761460020730.0,ETHUSDT,3942.37,0.03
1761460020730.0,ETHUSDT,3942.36,0.006
1761460020730.0,ETHUSDT,3942.36,0.253
1761460020730.0,ETHUSDT,3942.36,0.279
1761460020730.0,ETHUSDT,3942.36,0.253
1761460020730.0,ETHUSDT,3942.36,0.008
1761460020730.0,ETHUSDT,3942.36,0.444
1761460020730.0,ETHUSDT,3942.36,0.305
1761460020730.0,ETHUSDT,3942.36,0.2
1761460013845.0,ETHUSDT,3942.2,0.253
1761460013419.0,ETHUSDT,3942.2,0.122
1761460013419.0,ETHUSDT,3942.2,0.006
1761460013419.0,ETHUSDT,3942.2,0.76
1761460013419.0,ETHUSDT,3942.2,0.006
1761460013419.0,ETHUSDT,3942.2,0.07
1761460013419.0,ETHUSDT,3942.2,0.006
1761460013419.0,ETHUSDT,3942.2,0.006
1761460013419.0,ETHUSDT,3942.2,0.165
1761460013402.0,ETHUSDT,3942.2,0.075
1761460013237.0,ETHUSDT,3942.2,0.013
1761460013217.0,ETHUSDT,3942.21,0.006
1761460012722.0,ETHUSDT,3942.2,0.009
1761460012517.0,ETHUSDT,3942.21,0.006
1761460012152.0,ETHUSDT,3942.2,0.003
1761460012152.0,ETHUSDT,3942.2,0.017
1761460012074.0,ETHUSDT,3942.2,0.008
1761460010946.0,ETHUSDT,3942.21,1.973
1761460010946.0,ETHUSDT,3942.21,1.805
1761460010937.0,ETHUSDT,3942.21,0.072
1761460010893.0,ETHUSDT,3942.21,0.01
1761460010773.0,ETHUSDT,3942.21,0.013
1761460009722.0,ETHUSDT,3942.2,0.05
1761460009581.0,ETHUSDT,3942.21,0.066
1761460009380.0,ETHUSDT,3942.2,0.009
1761460009130.0,ETHUSDT,3942.2,0.037
1761460008715.0,ETHUSDT,3942.2,0.006
1761460008338.0,ETHUSDT,3942.21,0.006
1761460008069.0,ETHUSDT,3942.2,0.009
1761460007685.0,ETHUSDT,3942.2,1.17
1761460007355.0,ETHUSDT,3942.2,1.493
1761460007193.0,ETHUSDT,3942.2,0.149
1761460006489.0,ETHUSDT,3942.2,0.943
1761460006338.0,ETHUSDT,3942.21,0.028
1761460006304.0,ETHUSDT,3942.2,0.013
1761460005081.0,ETHUSDT,3942.2,0.202
1761460004836.0,ETHUSDT,3942.2,0.12
1761460004835.0,ETHUSDT,3942.2,0.12
1761460004834.0,ETHUSDT,3942.2,0.117
1761460004834.0,ETHUSDT,3942.2,0.001
1761460004834.0,ETHUSDT,3942.2,0.07
1761460004834.0,ETHUSDT,3942.2,0.006
1761460004834.0,ETHUSDT,3942.2,0.006
1761460004523.0,ETHUSDT,3942.2,0.339
1761460004523.0,ETHUSDT,3942.2,0.103
1761460004523.0,ETHUSDT,3942.2,0.086
1761460004519.0,ETHUSDT,3942.2,0.014
1761460004519.0,ETHUSDT,3942.22,0.095
1761460004519.0,ETHUSDT,3942.22,0.006
1761460004519.0,ETHUSDT,3942.22,0.006
1761460004519.0,ETHUSDT,3942.23,0.03
1761460004519.0,ETHUSDT,3942.26,0.078
1761460004519.0,ETHUSDT,3942.26,0.006
1761460004519.0,ETHUSDT,3942.26,0.006
1761460004519.0,ETHUSDT,3942.27,0.118
1761460004518.0,ETHUSDT,3942.27,0.986
1761460004518.0,ETHUSDT,3942.27,0.283
1761460004518.0,ETHUSDT,3942.27,0.078
1761460004518.0,ETHUSDT,3942.27,0.03
1761460004518.0,ETHUSDT,3942.28,0.078
1761460004518.0,ETHUSDT,3942.28,0.006
1761460004518.0,ETHUSDT,3942.29,0.012
1761460004518.0,ETHUSDT,3942.29,0.01
1761460004518.0,ETHUSDT,3942.29,0.008
1761460004518.0,ETHUSDT,3942.29,0.001
1761460004518.0,ETHUSDT,3942.29,6.335
1761460004518.0,ETHUSDT,3942.29,3.11
1761460004518.0,ETHUSDT,3942.29,0.01
1761460004518.0,ETHUSDT,3942.29,0.012
1761460004518.0,ETHUSDT,3942.29,0.006
1761460004518.0,ETHUSDT,3942.29,0.006
1761460004518.0,ETHUSDT,3942.29,0.006
1761460004518.0,ETHUSDT,3942.29,0.375
1761460004518.0,ETHUSDT,3942.29,0.078
1761460004518.0,ETHUSDT,3942.29,0.012
1761460004518.0,ETHUSDT,3942.29,0.006
1761460004518.0,ETHUSDT,3942.29,0.202
1761460004518.0,ETHUSDT,3942.29,0.544
1761460004518.0,ETHUSDT,3942.29,0.006
1761460004518.0,ETHUSDT,3942.29,0.165
1761460004518.0,ETHUSDT,3942.29,0.006
1761460004518.0,ETHUSDT,3942.29,0.025
1761460001530.0,ETHUSDT,3942.29,0.183
1761460001530.0,ETHUSDT,3942.29,0.183
1761460001222.0,ETHUSDT,3942.29,0.008
1761460001222.0,ETHUSDT,3942.29,0.008
1761460000523.0,ETHUSDT,3942.29,0.57
1761460000523.0,ETHUSDT,3942.29,0.382
1761460000523.0,ETHUSDT,3942.29,0.489
1761460000523.0,ETHUSDT,3942.29,0.57
1761460000523.0,ETHUSDT,3942.29,0.382
1761460000523.0,ETHUSDT,3942.29,0.489
1761460000479.0,ETHUSDT,3942.29,3.216
1761460000479.0,ETHUSDT,3942.29,3.216
1761460000044.0,ETHUSDT,3942.29,0.205
1761460000044.0,ETHUSDT,3942.29,0.205
1761459999725.0,ETHUSDT,3942.3,0.335
1761459999725.0,ETHUSDT,3942.3,0.335
1761459999710.0,ETHUSDT,3942.29,0.021
1761459999710.0,ETHUSDT,3942.29,0.006
1761459999710.0,ETHUSDT,3942.29,0.006
1761459999710.0,ETHUSDT,3942.29,0.006
1761459999710.0,ETHUSDT,3942.29,0.053
1761459999710.0,ETHUSDT,3942.29,0.021
1761459999710.0,ETHUSDT,3942.29,0.006
1761459999710.0,ETHUSDT,3942.29,0.006
1761459999710.0,ETHUSDT,3942.29,0.006
1761459999710.0,ETHUSDT,3942.29,0.053
1761459999692.0,ETHUSDT,3942.3,0.5
1761459999692.0,ETHUSDT,3942.3,0.5
1761459999590.0,ETHUSDT,3942.3,0.019
1761459999590.0,ETHUSDT,3942.3,0.019
1761459999256.0,ETHUSDT,3942.3,1.788
1761459999256.0,ETHUSDT,3942.3,1.788
1761459997484.0,ETHUSDT,3942.3,0.007
1761459997484.0,ETHUSDT,3942.3,0.007
1761459997314.0,ETHUSDT,3942.29,0.125
1761459997314.0,ETHUSDT,3942.29,0.125
1761459997314.0,ETHUSDT,3942.29,0.076
1761459997132.0,ETHUSDT,3942.3,1.0
1761459997114.0,ETHUSDT,3942.29,0.002
1761459997114.0,ETHUSDT,3942.29,0.012
1761459996724.0,ETHUSDT,3942.3,0.03
1761459996216.0,ETHUSDT,3942.3,1.0
1761400381698.0,ETHUSDT,3938.51,0.034
1761400381698.0,ETHUSDT,3938.51,0.034
1761400380780.0,ETHUSDT,3938.5,1.269
1761400380780.0,ETHUSDT,3938.5,1.269
1761400380755.0,ETHUSDT,3938.51,0.008
1761400380755.0,ETHUSDT,3938.51,0.008
1761400380489.0,ETHUSDT,3938.5,0.102
1761400380489.0,ETHUSDT,3938.5,0.162
1761400380489.0,ETHUSDT,3938.5,0.102
1761400380489.0,ETHUSDT,3938.5,0.162
1761400379717.0,ETHUSDT,3938.5,0.079
1761400379717.0,ETHUSDT,3938.5,0.079
1761400379603.0,ETHUSDT,3938.5,0.244
1761400379603.0,ETHUSDT,3938.5,0.244
1761400379252.0,ETHUSDT,3938.5,0.008
1761400379252.0,ETHUSDT,3938.5,0.008
1761400378670.0,ETHUSDT,3938.5,0.256
1761400378670.0,ETHUSDT,3938.5,0.089
1761400378670.0,ETHUSDT,3938.5,0.025
1761400378670.0,ETHUSDT,3938.5,0.254
1761400378670.0,ETHUSDT,3938.5,0.749
1761400378670.0,ETHUSDT,3938.5,0.325
1761400378670.0,ETHUSDT,3938.5,2.539
1761400378670.0,ETHUSDT,3938.5,0.743
1761400378670.0,ETHUSDT,3938.5,0.006
1761400378670.0,ETHUSDT,3938.5,0.083
1761400378670.0,ETHUSDT,3938.5,0.006
1761400378670.0,ETHUSDT,3938.5,1.281
1761400378670.0,ETHUSDT,3938.5,0.73
1761400378670.0,ETHUSDT,3938.5,0.006
1761400378670.0,ETHUSDT,3938.5,0.006
1761400378670.0,ETHUSDT,3938.5,0.006
1761400378670.0,ETHUSDT,3938.5,0.959
1761400378670.0,ETHUSDT,3938.5,1.132
1761400378670.0,ETHUSDT,3938.5,0.006
1761400378670.0,ETHUSDT,3938.5,0.03
1761400378670.0,ETHUSDT,3938.5,0.63
1761400378670.0,ETHUSDT,3938.5,0.734
1761400378670.0,ETHUSDT,3938.5,0.959
1761400378670.0,ETHUSDT,3938.5,0.397
1761400378670.0,ETHUSDT,3938.5,0.301
1761400378670.0,ETHUSDT,3938.5,0.256
1761400378670.0,ETHUSDT,3938.5,0.089
1761400378670.0,ETHUSDT,3938.5,0.025
1761400378670.0,ETHUSDT,3938.5,0.254
1761400378670.0,ETHUSDT,3938.5,0.749
1761400378670.0,ETHUSDT,3938.5,0.325
1761400378670.0,ETHUSDT,3938.5,2.539
1761400378670.0,ETHUSDT,3938.5,0.743
1761400378670.0,ETHUSDT,3938.5,0.006
1761400378670.0,ETHUSDT,3938.5,0.083
1761400378670.0,ETHUSDT,3938.5,0.006
1761400378670.0,ETHUSDT,3938.5,1.281
1761400378670.0,ETHUSDT,3938.5,0.73
1761400378670.0,ETHUSDT,3938.5,0.006
1761400378670.0,ETHUSDT,3938.5,0.006
1761400378670.0,ETHUSDT,3938.5,0.006
1761400378670.0,ETHUSDT,3938.5,0.959
1761400378670.0,ETHUSDT,3938.5,1.132
1761400378670.0,ETHUSDT,3938.5,0.006
1761400378670.0,ETHUSDT,3938.5,0.03
1761400378670.0,ETHUSDT,3938.5,0.63
1761400378670.0,ETHUSDT,3938.5,0.734
1761400378670.0,ETHUSDT,3938.5,0.959
1761400378670.0,ETHUSDT,3938.5,0.397
1761400378670.0,ETHUSDT,3938.5,0.301
1761400378667.0,ETHUSDT,3938.5,0.329
1761400378667.0,ETHUSDT,3938.5,0.253
1761400378667.0,ETHUSDT,3938.5,0.085
1761400378667.0,ETHUSDT,3938.5,0.007
1761400378667.0,ETHUSDT,3938.5,0.817
1761400378667.0,ETHUSDT,3938.5,0.281
1761400378667.0,ETHUSDT,3938.5,0.607
1761400378667.0,ETHUSDT,3938.5,0.761
1761400378667.0,ETHUSDT,3938.5,0.01
1761400378667.0,ETHUSDT,3938.5,0.015
1761400378667.0,ETHUSDT,3938.5,0.015
1761400378667.0,ETHUSDT,3938.5,0.015
1761400378667.0,ETHUSDT,3938.5,3.067
1761400378667.0,ETHUSDT,3938.5,0.54
1761400378667.0,ETHUSDT,3938.5,0.012
1761400378667.0,ETHUSDT,3938.5,0.012
1761400378667.0,ETHUSDT,3938.5,0.012
1761400378667.0,ETHUSDT,3938.5,0.012
1761400378667.0,ETHUSDT,3938.5,2.708
1761400378667.0,ETHUSDT,3938.5,0.329
1761400378667.0,ETHUSDT,3938.5,0.253
1761400378667.0,ETHUSDT,3938.5,0.085
1761400378667.0,ETHUSDT,3938.5,0.007
1761400378667.0,ETHUSDT,3938.5,0.817
1761400378667.0,ETHUSDT,3938.5,0.281
1761400378667.0,ETHUSDT,3938.5,0.607
1761400378667.0,ETHUSDT,3938.5,0.761
1761400378667.0,ETHUSDT,3938.5,0.01
1761400378667.0,ETHUSDT,3938.5,0.015
1761400378667.0,ETHUSDT,3938.5,0.015
1761400378667.0,ETHUSDT,3938.5,0.015
1761400378667.0,ETHUSDT,3938.5,3.067
1761400378667.0,ETHUSDT,3938.5,0.54
1761400378667.0,ETHUSDT,3938.5,0.012
1761400378667.0,ETHUSDT,3938.5,0.012
1761400378667.0,ETHUSDT,3938.5,0.012
1761400378667.0,ETHUSDT,3938.5,0.012
1761400378667.0,ETHUSDT,3938.5,2.708
1761400378609.0,ETHUSDT,3938.51,0.086
1761400378609.0,ETHUSDT,3938.51,0.086
1761400378487.0,ETHUSDT,3938.5,2.0
1761400378487.0,ETHUSDT,3938.5,2.0
1761400378085.0,ETHUSDT,3938.5,0.304
1761400378085.0,ETHUSDT,3938.5,0.304
1761400377940.0,ETHUSDT,3938.5,0.061
1761400377940.0,ETHUSDT,3938.5,0.061
1761400377248.0,ETHUSDT,3938.51,0.023
1761400377248.0,ETHUSDT,3938.51,0.023
1761400377217.0,ETHUSDT,3938.5,0.009
1761400377217.0,ETHUSDT,3938.5,0.009
1761400377201.0,ETHUSDT,3938.5,0.006
1761400377201.0,ETHUSDT,3938.5,0.006
1761400376922.0,ETHUSDT,3938.51,0.02
1761400376922.0,ETHUSDT,3938.51,0.02
1761400374366.0,ETHUSDT,3938.51,0.941
1761400374366.0,ETHUSDT,3938.51,0.941
1761400373902.0,ETHUSDT,3938.5,0.03
1761400373902.0,ETHUSDT,3938.5,0.03
1761400373771.0,ETHUSDT,3938.5,0.122
1761400373771.0,ETHUSDT,3938.5,0.122
1761400373287.0,ETHUSDT,3938.51,1.015
1761400373287.0,ETHUSDT,3938.51,1.015
1761400373115.0,ETHUSDT,3938.51,0.646
1761400373115.0,ETHUSDT,3938.51,0.646
1761400372921.0,ETHUSDT,3938.5,0.008
1761400372921.0,ETHUSDT,3938.5,0.008
1761400372343.0,ETHUSDT,3938.51,0.012
1761400372343.0,ETHUSDT,3938.51,0.012
1761400371943.0,ETHUSDT,3938.5,1.0
1761400371943.0,ETHUSDT,3938.5,1.0
1761400371611.0,ETHUSDT,3938.5,0.061
1761400371611.0,ETHUSDT,3938.5,0.061
1761400370682.0,ETHUSDT,3938.5,0.019
1761400370682.0,ETHUSDT,3938.5,0.019
1761400370118.0,ETHUSDT,3938.5,0.099
1761400370118.0,ETHUSDT,3938.5,0.099
1761400369678.0,ETHUSDT,3938.51,0.01
1761400369678.0,ETHUSDT,3938.51,0.01
1761400369678.0,ETHUSDT,3938.51,0.01
1761400369342.0,ETHUSDT,3938.51,0.497
1761400369342.0,ETHUSDT,3938.51,0.497
1761400369342.0,ETHUSDT,3938.51,0.497
1761400368431.0,ETHUSDT,3938.5,0.076
1761400368431.0,ETHUSDT,3938.5,0.012
1761400368431.0,ETHUSDT,3938.5,0.006
1761400368431.0,ETHUSDT,3938.5,0.006
1761400368431.0,ETHUSDT,3938.5,0.006
1761400368431.0,ETHUSDT,3938.5,0.002
1761400368431.0,ETHUSDT,3938.5,0.076
1761400368431.0,ETHUSDT,3938.5,0.012
1761400368431.0,ETHUSDT,3938.5,0.006
1761400368431.0,ETHUSDT,3938.5,0.006
1761400368431.0,ETHUSDT,3938.5,0.006
1761400368431.0,ETHUSDT,3938.5,0.002
1761400368431.0,ETHUSDT,3938.5,0.076
1761400368431.0,ETHUSDT,3938.5,0.012
1761400368431.0,ETHUSDT,3938.5,0.006
1761400368431.0,ETHUSDT,3938.5,0.006
1761400368431.0,ETHUSDT,3938.5,0.006
1761400368431.0,ETHUSDT,3938.5,0.002
1761400368289.0,ETHUSDT,3938.5,0.01
1761400368289.0,ETHUSDT,3938.5,0.006
1761400368289.0,ETHUSDT,3938.5,0.012
1761400368289.0,ETHUSDT,3938.5,0.007
1761400368289.0,ETHUSDT,3938.5,0.012
1761400368289.0,ETHUSDT,3938.5,0.012
1761400368289.0,ETHUSDT,3938.5,0.002
1761400368289.0,ETHUSDT,3938.5,0.01
1761400368289.0,ETHUSDT,3938.5,0.006
1761400368289.0,ETHUSDT,3938.5,0.012
1761400368289.0,ETHUSDT,3938.5,0.007
1761400368289.0,ETHUSDT,3938.5,0.012
1761400368289.0,ETHUSDT,3938.5,0.012
1761400368289.0,ETHUSDT,3938.5,0.002
1761400368289.0,ETHUSDT,3938.5,0.01
1761400368289.0,ETHUSDT,3938.5,0.006
1761400368289.0,ETHUSDT,3938.5,0.012
1761400368289.0,ETHUSDT,3938.5,0.007
1761400368289.0,ETHUSDT,3938.5,0.012
1761400368289.0,ETHUSDT,3938.5,0.012
1761400368289.0,ETHUSDT,3938.5,0.002
1761400368065.0,ETHUSDT,3938.5,0.004
1761400368065.0,ETHUSDT,3938.5,0.03
1761400368065.0,ETHUSDT,3938.5,0.006
1761400368065.0,ETHUSDT,3938.5,0.006
1761400368065.0,ETHUSDT,3938.5,0.006
1761400368065.0,ETHUSDT,3938.5,0.006
1761400368065.0,ETHUSDT,3938.5,0.002
1761400368065.0,ETHUSDT,3938.5,0.004
1761400368065.0,ETHUSDT,3938.5,0.03
1761400368065.0,ETHUSDT,3938.5,0.006
1761400368065.0,ETHUSDT,3938.5,0.006
1761400368065.0,ETHUSDT,3938.5,0.006
1761400368065.0,ETHUSDT,3938.5,0.006
1761400368065.0,ETHUSDT,3938.5,0.002
1761400368065.0,ETHUSDT,3938.5,0.004
1761400368065.0,ETHUSDT,3938.5,0.03
1761400368065.0,ETHUSDT,3938.5,0.006
1761400368065.0,ETHUSDT,3938.5,0.006
1761400368065.0,ETHUSDT,3938.5,0.006
1761400368065.0,ETHUSDT,3938.5,0.006
1761400368065.0,ETHUSDT,3938.5,0.002
1761400367777.0,ETHUSDT,3938.5,0.004
1761400367777.0,ETHUSDT,3938.5,0.003
1761400367777.0,ETHUSDT,3938.5,0.004
1761400367777.0,ETHUSDT,3938.5,0.003
1761400367777.0,ETHUSDT,3938.5,0.004
1761400367777.0,ETHUSDT,3938.5,0.003
1761400367661.0,ETHUSDT,3938.5,0.003
1761400367661.0,ETHUSDT,3938.5,0.003
1761400367661.0,ETHUSDT,3938.5,0.003
1761400367488.0,ETHUSDT,3938.5,0.018
1761400367488.0,ETHUSDT,3938.5,0.018
1761400367488.0,ETHUSDT,3938.5,0.018
1761400367406.0,ETHUSDT,3938.5,0.013
1761400367406.0,ETHUSDT,3938.5,0.013
1761400367406.0,ETHUSDT,3938.5,0.013
1761400367236.0,ETHUSDT,3938.5,0.053
1761400367236.0,ETHUSDT,3938.5,0.053
1761400367236.0,ETHUSDT,3938.5,0.053
1761400366745.0,ETHUSDT,3938.5,0.311
1761400366745.0,ETHUSDT,3938.5,0.311
1761400366745.0,ETHUSDT,3938.5,0.311
1761400366619.0,ETHUSDT,3938.51,0.156
1761400366607.0,ETHUSDT,3938.5,0.013
1761400366464.0,ETHUSDT,3938.51,0.095
1761400366421.0,ETHUSDT,3938.5,0.011
1761400366197.0,ETHUSDT,3938.5,0.324
1761400366040.0,ETHUSDT,3938.5,1.642
1761400365291.0,ETHUSDT,3938.5,0.552
1761400365291.0,ETHUSDT,3938.5,0.006
1761400365291.0,ETHUSDT,3938.5,0.006
1761400365291.0,ETHUSDT,3938.5,0.144
1761400365291.0,ETHUSDT,3938.5,3.2
1761400365291.0,ETHUSDT,3938.5,0.006
1761400365291.0,ETHUSDT,3938.5,10.306
1761400365291.0,ETHUSDT,3938.5,9.989
1761400365291.0,ETHUSDT,3938.5,3.2
1761400365291.0,ETHUSDT,3938.5,7.503
1761400365291.0,ETHUSDT,3938.5,5.295
1761400365291.0,ETHUSDT,3938.5,0.006
1761400365291.0,ETHUSDT,3938.5,33.776
1761400364912.0,ETHUSDT,3938.51,0.924
1761400364904.0,ETHUSDT,3938.51,4.424
1761400364904.0,ETHUSDT,3938.51,0.1
1761400364904.0,ETHUSDT,3938.51,0.006
1761400364904.0,ETHUSDT,3938.51,0.014
1761400364904.0,ETHUSDT,3938.51,0.36
1761400364904.0,ETHUSDT,3938.51,0.012
1761400364904.0,ETHUSDT,3938.51,0.006
1761400364904.0,ETHUSDT,3938.51,0.005
1761400364322.0,ETHUSDT,3938.51,0.001
1761400364322.0,ETHUSDT,3938.51,0.006
1761400364322.0,ETHUSDT,3938.51,0.006
1761400364322.0,ETHUSDT,3938.51,0.004
1761400364279.0,ETHUSDT,3938.51,0.008
1761400364122.0,ETHUSDT,3938.5,0.061
1761400363979.0,ETHUSDT,3938.51,0.073
1761400363979.0,ETHUSDT,3938.51,0.002
1761400363791.0,ETHUSDT,3938.51,0.004
1761400363791.0,ETHUSDT,3938.51,0.082
1761400363484.0,ETHUSDT,3938.51,0.05
1761400363484.0,ETHUSDT,3938.51,0.05
1761400363479.0,ETHUSDT,3938.51,0.028
1761400363479.0,ETHUSDT,3938.51,0.006
1761400363479.0,ETHUSDT,3938.51,0.006
1761400363479.0,ETHUSDT,3938.51,0.006
1761400363479.0,ETHUSDT,3938.51,0.004
1761400363479.0,ETHUSDT,3938.51,0.002
1761400363479.0,ETHUSDT,3938.51,0.006
1761400363479.0,ETHUSDT,3938.51,0.006
1761400363479.0,ETHUSDT,3938.51,0.006
1761400363479.0,ETHUSDT,3938.51,0.03
1761400363475.0,ETHUSDT,3938.5,0.011
1761400363475.0,ETHUSDT,3938.5,0.01
1761400363475.0,ETHUSDT,3938.5,0.067
1761400363475.0,ETHUSDT,3938.49,0.006
1761400363475.0,ETHUSDT,3938.49,0.086
1761400363475.0,ETHUSDT,3938.49,0.007
1761400363475.0,ETHUSDT,3938.49,0.03
1761400363475.0,ETHUSDT,3938.47,0.011
1761400363475.0,ETHUSDT,3938.47,0.011
1761400363475.0,ETHUSDT,3938.46,0.2
1761400363475.0,ETHUSDT,3938.45,0.006
1761400363475.0,ETHUSDT,3938.45,0.011
1761400363475.0,ETHUSDT,3938.45,0.006
1761400363475.0,ETHUSDT,3938.45,0.03
1761400363472.0,ETHUSDT,3938.41,0.03
1761400363472.0,ETHUSDT,3938.4,0.006
1761400363472.0,ETHUSDT,3938.37,0.006
1761400363472.0,ETHUSDT,3938.37,0.03
1761400363472.0,ETHUSDT,3938.36,0.006
1761400363472.0,ETHUSDT,3938.36,0.015
1761400363472.0,ETHUSDT,3938.36,0.015
1761400356645.0,ETHUSDT,3938.32,0.065
1761400355870.0,ETHUSDT,3938.33,1.361
1761400355870.0,ETHUSDT,3938.33,0.006
1761400355870.0,ETHUSDT,3938.33,0.633
1761400355373.0,ETHUSDT,3938.33,0.01
1761400355203.0,ETHUSDT,3938.33,0.015
1761400354988.0,ETHUSDT,3938.33,2.027
1761400354673.0,ETHUSDT,3938.33,0.751
1761400354472.0,ETHUSDT,3938.32,0.061
1761400354385.0,ETHUSDT,3938.33,4.0
1761400353821.0,ETHUSDT,3938.33,0.33
1761400353821.0,ETHUSDT,3938.33,0.046
1761400353429.0,ETHUSDT,3938.32,0.299
1761400353212.0,ETHUSDT,3938.32,0.598
1761400352937.0,ETHUSDT,3938.33,0.05
1761400352937.0,ETHUSDT,3938.33,0.044
1761400352937.0,ETHUSDT,3938.33,0.006
1761400352935.0,ETHUSDT,3938.33,0.006
1761400352935.0,ETHUSDT,3938.33,0.006
1761400352935.0,ETHUSDT,3938.33,0.006
1761400352935.0,ETHUSDT,3938.33,0.006
1761400352931.0,ETHUSDT,3938.33,0.024
1761400352931.0,ETHUSDT,3938.32,0.03
1761400352931.0,ETHUSDT,3938.32,0.006
1761400352931.0,ETHUSDT,3938.32,0.006
1761400352931.0,ETHUSDT,3938.31,0.03
1761400352931.0,ETHUSDT,3938.3,0.011
1761400352931.0,ETHUSDT,3938.3,0.011
1761400352931.0,ETHUSDT,3938.29,0.011
1761400352931.0,ETHUSDT,3938.28,0.03
1761400352931.0,ETHUSDT,3938.27,0.011
1761400352931.0,ETHUSDT,3938.24,0.011
1761400352931.0,ETHUSDT,3938.24,0.03
1761400352931.0,ETHUSDT,3938.2,0.03
1761400352931.0,ETHUSDT,3938.18,0.006
1761400352931.0,ETHUSDT,3938.18,0.006
1761400352931.0,ETHUSDT,3938.18,0.006
1761400352931.0,ETHUSDT,3938.18,0.012
1761400352928.0,ETHUSDT,3938.17,0.175
1761400352928.0,ETHUSDT,3938.17,0.06
1761400352928.0,ETHUSDT,3938.17,0.006
1761400352928.0,ETHUSDT,3938.17,0.008
1761400352928.0,ETHUSDT,3938.17,0.012
1761400352928.0,ETHUSDT,3938.17,0.006
1761400352928.0,ETHUSDT,3938.17,0.006
1761400352928.0,ETHUSDT,3938.16,0.023
1761400352928.0,ETHUSDT,3938.16,0.012
1761400352928.0,ETHUSDT,3938.16,0.018
1761400352928.0,ETHUSDT,3938.16,0.006
1761400352928.0,ETHUSDT,3938.16,0.006
1761400352928.0,ETHUSDT,3938.16,0.006
1761400352928.0,ETHUSDT,3938.16,0.006
1761400352928.0,ETHUSDT,3938.16,0.006
1761400352928.0,ETHUSDT,3938.16,0.006
1761400352928.0,ETHUSDT,3938.16,0.015
1761400352928.0,ETHUSDT,3938.16,0.006
1761400352928.0,ETHUSDT,3938.16,0.015
1761400352928.0,ETHUSDT,3938.16,0.015
1761400352928.0,ETHUSDT,3938.16,0.008
1761400352928.0,ETHUSDT,3938.16,0.015
1761400352928.0,ETHUSDT,3938.16,0.102
1761400352928.0,ETHUSDT,3938.16,0.03
1761400352928.0,ETHUSDT,3938.16,4.988
1761400352928.0,ETHUSDT,3938.16,0.006
1761400352928.0,ETHUSDT,3938.16,0.006
1761400352928.0,ETHUSDT,3938.16,0.012
1761400352928.0,ETHUSDT,3938.16,0.012
1761400352928.0,ETHUSDT,3938.16,0.006
1761400352928.0,ETHUSDT,3938.16,0.012
1761400352928.0,ETHUSDT,3938.16,0.012
1761400352928.0,ETHUSDT,3938.16,0.012
1761400352928.0,ETHUSDT,3938.16,0.012
1761400352928.0,ETHUSDT,3938.16,0.006
1761400352928.0,ETHUSDT,3938.16,0.006
1761400352928.0,ETHUSDT,3938.16,0.006
1761400352928.0,ETHUSDT,3938.16,0.006
1761400352928.0,ETHUSDT,3938.16,0.006
1761400352928.0,ETHUSDT,3938.16,0.006
1761400352928.0,ETHUSDT,3938.16,0.006
1761400352928.0,ETHUSDT,3938.16,0.006
1761400352928.0,ETHUSDT,3938.16,0.006
1761400352928.0,ETHUSDT,3938.16,0.006
1761400352928.0,ETHUSDT,3938.16,0.006
1761400352928.0,ETHUSDT,3938.16,0.006
1761400352928.0,ETHUSDT,3938.16,0.006
1761400352928.0,ETHUSDT,3938.16,0.006
1761400352928.0,ETHUSDT,3938.16,0.006
1761400352823.0,ETHUSDT,3938.15,0.017
1761400352534.0,ETHUSDT,3938.16,0.054
1761400352466.0,ETHUSDT,3938.16,0.006
1761400352465.0,ETHUSDT,3938.16,0.006
1761400352421.0,ETHUSDT,3938.15,0.013
1761400352421.0,ETHUSDT,3938.15,0.127
1761400352418.0,ETHUSDT,3938.15,0.127
1761400352405.0,ETHUSDT,3938.15,0.127
1761400352403.0,ETHUSDT,3938.15,0.097
1761400352403.0,ETHUSDT,3938.15,0.012
1761400352385.0,ETHUSDT,3938.04,2.117
1761400352385.0,ETHUSDT,3938.04,3.2
1761400352385.0,ETHUSDT,3938.04,0.599
1761400343673.0,ETHUSDT,3938.29,0.001
1761400343673.0,ETHUSDT,3938.29,0.011
1761400342824.0,ETHUSDT,3938.3,0.031
1761400342717.0,ETHUSDT,3938.3,0.055
1761400342523.0,ETHUSDT,3938.29,0.001
1761400342523.0,ETHUSDT,3938.29,0.006
1761400342523.0,ETHUSDT,3938.29,0.012
1761400342370.0,ETHUSDT,3938.3,1.0
1761400341913.0,ETHUSDT,3938.29,0.05
1761400341911.0,ETHUSDT,3938.29,0.032
1761400341911.0,ETHUSDT,3938.29,0.006
1761400341911.0,ETHUSDT,3938.29,0.006
1761400341911.0,ETHUSDT,3938.29,0.006
1761400341905.0,ETHUSDT,3938.3,0.006
1761400341905.0,ETHUSDT,3938.3,0.006
1761400341905.0,ETHUSDT,3938.31,0.03
1761400341905.0,ETHUSDT,3938.31,0.05
1761400341905.0,ETHUSDT,3938.31,0.03
1761400341905.0,ETHUSDT,3938.32,0.006
1761400341905.0,ETHUSDT,3938.33,0.006
1761400341905.0,ETHUSDT,3938.33,0.126
1761400341905.0,ETHUSDT,3938.34,0.074
1761400341905.0,ETHUSDT,3938.34,0.006
1761400341905.0,ETHUSDT,3938.34,0.006
1761400341905.0,ETHUSDT,3938.35,0.03
1761400341905.0,ETHUSDT,3938.36,0.007
1761400341905.0,ETHUSDT,3938.38,0.006
1761400341905.0,ETHUSDT,3938.39,0.006
1761400341905.0,ETHUSDT,3938.39,0.03
1761400341905.0,ETHUSDT,3938.4,0.006
1761400341905.0,ETHUSDT,3938.4,0.001
1761400341905.0,ETHUSDT,3938.4,0.022
1761400341905.0,ETHUSDT,3938.4,0.012
1761400341905.0,ETHUSDT,3938.4,0.012
1761400341905.0,ETHUSDT,3938.4,0.012
1761400341905.0,ETHUSDT,3938.4,0.006
1761400341905.0,ETHUSDT,3938.4,0.012
1761400341905.0,ETHUSDT,3938.4,0.006
1761400341905.0,ETHUSDT,3938.4,0.006
1761400341905.0,ETHUSDT,3938.4,0.006
1761400341905.0,ETHUSDT,3938.4,0.006
1761400341905.0,ETHUSDT,3938.4,0.006
1761400341905.0,ETHUSDT,3938.4,0.006
1761400341905.0,ETHUSDT,3938.4,0.006
1761400341905.0,ETHUSDT,3938.4,0.006
1761400341817.0,ETHUSDT,3938.41,0.012
1761400341712.0,ETHUSDT,3938.4,0.07
1761400341709.0,ETHUSDT,3938.4,0.101
1761400341708.0,ETHUSDT,3938.4,0.101
1761400341706.0,ETHUSDT,3938.4,0.354
1761400341706.0,ETHUSDT,3938.4,0.006
1761400341706.0,ETHUSDT,3938.4,0.006
1761400341706.0,ETHUSDT,3938.4,0.006
1761400341699.0,ETHUSDT,3938.4,0.533
1761400341699.0,ETHUSDT,3938.4,0.006
1761400341699.0,ETHUSDT,3938.4,0.006
1761400341699.0,ETHUSDT,3938.4,0.006
1761400341699.0,ETHUSDT,3938.4,0.006
1761400341695.0,ETHUSDT,3938.41,0.006
1761400341695.0,ETHUSDT,3938.42,0.006
1761400341695.0,ETHUSDT,3938.42,0.011
1761400341695.0,ETHUSDT,3938.43,0.03
1761400341695.0,ETHUSDT,3938.44,0.011
1761400341695.0,ETHUSDT,3938.44,0.03
1761400341695.0,ETHUSDT,3938.44,0.015
1761400341695.0,ETHUSDT,3938.44,0.006
1761400341695.0,ETHUSDT,3938.45,0.006
1761400341695.0,ETHUSDT,3938.45,0.015
1761400341695.0,ETHUSDT,3938.46,0.006
1761400341695.0,ETHUSDT,3938.49,0.006
1761400341695.0,ETHUSDT,3938.49,0.075
1761400341689.0,ETHUSDT,3938.5,0.006
1761400341689.0,ETHUSDT,3938.5,0.03
1761400341689.0,ETHUSDT,3938.51,0.006
1761400341689.0,ETHUSDT,3938.51,0.011
1761400341689.0,ETHUSDT,3938.51,0.006
1761400341689.0,ETHUSDT,3938.51,0.006
1761400341689.0,ETHUSDT,3938.52,0.012
1761400341689.0,ETHUSDT,3938.52,0.008
1761400341689.0,ETHUSDT,3938.52,0.001
1761400341689.0,ETHUSDT,3938.52,0.09
1761400341689.0,ETHUSDT,3938.52,0.012
1761400341689.0,ETHUSDT,3938.52,0.006
1761400341689.0,ETHUSDT,3938.52,0.006
1761400341689.0,ETHUSDT,3938.52,0.006
1761400341689.0,ETHUSDT,3938.52,0.006
1761400341689.0,ETHUSDT,3938.52,0.006
1761400341689.0,ETHUSDT,3938.52,0.006
1761400341689.0,ETHUSDT,3938.52,0.006
1761400341689.0,ETHUSDT,3938.52,0.012
1761400341689.0,ETHUSDT,3938.52,0.012
1761400341689.0,ETHUSDT,3938.52,0.006
1761400341689.0,ETHUSDT,3938.52,0.012
1761400341689.0,ETHUSDT,3938.52,0.006
1761400341689.0,ETHUSDT,3938.52,0.044
1761400341689.0,ETHUSDT,3938.52,0.228
1761400341245.0,ETHUSDT,3938.52,0.017
1761400341058.0,ETHUSDT,3938.53,0.012
1761400340039.0,ETHUSDT,3938.53,1.252
1761400340039.0,ETHUSDT,3938.53,2.229
1761400331666.0,ETHUSDT,3939.8,0.003
1761400331604.0,ETHUSDT,3939.81,0.231
1761400331552.0,ETHUSDT,3939.8,0.502
1761400331532.0,ETHUSDT,3939.81,0.104
1761400331478.0,ETHUSDT,3939.81,0.022
1761400331191.0,ETHUSDT,3939.81,0.04
1761400330816.0,ETHUSDT,3939.81,0.458
1761400330816.0,ETHUSDT,3939.81,0.006
1761400330816.0,ETHUSDT,3939.81,0.012
1761400330816.0,ETHUSDT,3939.81,0.006
1761400330816.0,ETHUSDT,3939.81,0.006
1761400330816.0,ETHUSDT,3939.81,0.006
1761400330816.0,ETHUSDT,3939.81,0.006
1761400330768.0,ETHUSDT,3939.81,0.05
1761400330295.0,ETHUSDT,3939.8,7.84
1761400330086.0,ETHUSDT,3939.81,0.05
1761400330086.0,ETHUSDT,3939.81,0.024
1761400330086.0,ETHUSDT,3939.81,0.013
1761400330086.0,ETHUSDT,3939.81,0.001
1761400330086.0,ETHUSDT,3939.81,0.006
1761400330086.0,ETHUSDT,3939.81,0.006
1761400330082.0,ETHUSDT,3939.81,0.63
1761400330082.0,ETHUSDT,3939.81,0.026
1761400330082.0,ETHUSDT,3939.81,0.128
1761400330082.0,ETHUSDT,3939.81,0.011
1761400330082.0,ETHUSDT,3939.81,0.006
1761400330082.0,ETHUSDT,3939.81,0.03
1761400330078.0,ETHUSDT,3939.8,0.006
1761400330078.0,ETHUSDT,3939.8,0.006
1761400330078.0,ETHUSDT,3939.8,0.008
1761400330078.0,ETHUSDT,3939.8,0.006
1761400330078.0,ETHUSDT,3939.8,0.006
1761400330078.0,ETHUSDT,3939.8,0.006
1761400330078.0,ETHUSDT,3939.8,0.001
1761400330078.0,ETHUSDT,3939.8,0.012
1761400330036.0,ETHUSDT,3939.8,0.295
1761400330036.0,ETHUSDT,3939.8,0.1
1761400330036.0,ETHUSDT,3939.8,0.012
1761400330036.0,ETHUSDT,3939.8,0.006
1761400330036.0,ETHUSDT,3939.8,0.006
1761400330036.0,ETHUSDT,3939.8,0.006
1761400330036.0,ETHUSDT,3939.8,0.006
1761400330036.0,ETHUSDT,3939.8,0.063
1761400330036.0,ETHUSDT,3939.8,0.006
1761400329795.0,ETHUSDT,3939.8,7.21
1761400329795.0,ETHUSDT,3939.8,0.238
1761400329795.0,ETHUSDT,3939.8,0.1
1761400329795.0,ETHUSDT,3939.8,0.012
1761400329795.0,ETHUSDT,3939.8,0.616
1761400329795.0,ETHUSDT,3939.8,0.006
1761400329795.0,ETHUSDT,3939.8,0.006
1761400329795.0,ETHUSDT,3939.8,0.133
1761400329043.0,ETHUSDT,3939.8,0.12
1761400329043.0,ETHUSDT,3939.8,0.012
1761400329043.0,ETHUSDT,3939.8,0.012
1761400329043.0,ETHUSDT,3939.8,0.006
1761400329043.0,ETHUSDT,3939.8,0.012
1761400329043.0,ETHUSDT,3939.8,3.645
1761400328238.0,ETHUSDT,3939.8,0.119
1761400328238.0,ETHUSDT,3939.8,0.14
1761400328238.0,ETHUSDT,3939.8,0.006
1761400328238.0,ETHUSDT,3939.8,0.006
1761400327677.0,ETHUSDT,3939.8,0.411
1761400327677.0,ETHUSDT,3939.8,0.006
1761400327677.0,ETHUSDT,3939.8,0.006
1761400327677.0,ETHUSDT,3939.8,0.03
1761400327531.0,ETHUSDT,3939.79,0.008
1761400327297.0,ETHUSDT,3939.79,0.03
1761400327297.0,ETHUSDT,3939.79,0.006
1761400327297.0,ETHUSDT,3939.78,0.011
1761400327297.0,ETHUSDT,3939.78,0.03
1761400327297.0,ETHUSDT,3939.75,0.011
1761400327297.0,ETHUSDT,3939.75,0.03
1761400327297.0,ETHUSDT,3939.74,0.006
1761400327297.0,ETHUSDT,3939.73,0.006
1761400327297.0,ETHUSDT,3939.72,0.011
1761400327297.0,ETHUSDT,3939.72,0.007
1761400327297.0,ETHUSDT,3939.71,0.03
1761400327297.0,ETHUSDT,3939.69,0.012
1761400327297.0,ETHUSDT,3939.68,0.011
1761400327297.0,ETHUSDT,3939.67,0.083
1761400327297.0,ETHUSDT,3939.67,0.011
1761400327297.0,ETHUSDT,3939.67,0.006
1761400327297.0,ETHUSDT,3939.67,0.03
1761400327297.0,ETHUSDT,3939.66,0.05
1761400327297.0,ETHUSDT,3939.66,0.012
1761400327297.0,ETHUSDT,3939.66,0.001
1761400327297.0,ETHUSDT,3939.66,0.012
1761400327297.0,ETHUSDT,3939.66,0.012
1761400327297.0,ETHUSDT,3939.66,0.012
1761400327297.0,ETHUSDT,3939.66,0.012
1761400327297.0,ETHUSDT,3939.66,0.012
1761400327297.0,ETHUSDT,3939.66,0.006
1761400327297.0,ETHUSDT,3939.66,0.006
1761400327297.0,ETHUSDT,3939.66,0.006
1761400327297.0,ETHUSDT,3939.66,0.006
1761400327297.0,ETHUSDT,3939.66,0.006
1761400327297.0,ETHUSDT,3939.66,0.006
1761400327297.0,ETHUSDT,3939.66,0.006
1761400327297.0,ETHUSDT,3939.66,0.006
1761400320045.0,ETHUSDT,3938.99,0.011
1761400320045.0,ETHUSDT,3938.99,0.006
1761400320045.0,ETHUSDT,3938.99,0.1
1761400320045.0,ETHUSDT,3938.99,0.03
1761400320045.0,ETHUSDT,3938.98,0.012
1761400320040.0,ETHUSDT,3938.98,0.003
1761400320040.0,ETHUSDT,3938.96,0.006
1761400320040.0,ETHUSDT,3938.95,0.006
1761400320040.0,ETHUSDT,3938.95,0.03
1761400320040.0,ETHUSDT,3938.92,0.006
1761400320040.0,ETHUSDT,3938.92,0.006
1761400320040.0,ETHUSDT,3938.91,0.011
1761400320040.0,ETHUSDT,3938.91,0.269
1761400320040.0,ETHUSDT,3938.91,0.128
1761400320040.0,ETHUSDT,3938.91,0.06
1761400320040.0,ETHUSDT,3938.91,0.053
1761400320040.0,ETHUSDT,3938.91,0.122
1761400320040.0,ETHUSDT,3938.91,0.008
1761400320040.0,ETHUSDT,3938.91,0.006
1761400320040.0,ETHUSDT,3938.91,0.03
1761400320040.0,ETHUSDT,3938.9,0.006
1761400320040.0,ETHUSDT,3938.9,0.006
1761400320040.0,ETHUSDT,3938.9,0.006
1761400320040.0,ETHUSDT,3938.9,0.052
1761400320040.0,ETHUSDT,3938.9,0.008
1761400320040.0,ETHUSDT,3938.9,0.006
1761400320040.0,ETHUSDT,3938.9,0.015
1761400320040.0,ETHUSDT,3938.9,0.012
1761400320040.0,ETHUSDT,3938.9,0.006
1761400320040.0,ETHUSDT,3938.9,0.006
1761400320040.0,ETHUSDT,3938.9,0.006
1761400320040.0,ETHUSDT,3938.9,0.006
1761400320040.0,ETHUSDT,3938.9,0.007
1761400320040.0,ETHUSDT,3938.9,0.692
1761400319967.0,ETHUSDT,3938.9,0.031
1761400319967.0,ETHUSDT,3938.9,0.006
1761400319967.0,ETHUSDT,3938.9,0.023
1761400319967.0,ETHUSDT,3938.9,0.044
1761400319967.0,ETHUSDT,3938.9,0.261
1761400319967.0,ETHUSDT,3938.9,0.262
1761400319967.0,ETHUSDT,3938.9,0.261
1761400319967.0,ETHUSDT,3938.9,0.006
1761400319967.0,ETHUSDT,3938.9,0.1
1761400319967.0,ETHUSDT,3938.9,0.006
1761400319816.0,ETHUSDT,3938.9,1.013
1761400319024.0,ETHUSDT,3938.9,0.033
1761400318698.0,ETHUSDT,3938.9,0.312
1761400317429.0,ETHUSDT,3938.9,0.04
1761400317429.0,ETHUSDT,3938.9,0.006
1761400317429.0,ETHUSDT,3938.9,0.006
1761400317429.0,ETHUSDT,3938.9,0.012
1761400317429.0,ETHUSDT,3938.9,0.006
1761400317429.0,ETHUSDT,3938.9,0.012
1761400317429.0,ETHUSDT,3938.9,0.012
1761400317429.0,ETHUSDT,3938.9,0.006
1761400317429.0,ETHUSDT,3938.9,0.14
1761400317429.0,ETHUSDT,3938.9,0.006
1761400317429.0,ETHUSDT,3938.9,0.006
1761400317429.0,ETHUSDT,3938.9,0.006
1761400317429.0,ETHUSDT,3938.9,0.063
1761400317290.0,ETHUSDT,3938.9,0.502
1761400316878.0,ETHUSDT,3938.9,0.079
1761400316629.0,ETHUSDT,3938.9,0.021
1761400316596.0,ETHUSDT,3938.89,0.05
1761400316443.0,ETHUSDT,3938.9,0.05
1761400315816.0,ETHUSDT,3938.9,0.021
1761400315750.0,ETHUSDT,3938.9,0.506
1761400315532.0,ETHUSDT,3938.9,0.048
1761400315202.0,ETHUSDT,3938.89,0.365
1761400314925.0,ETHUSDT,3938.89,0.006
1761400314534.0,ETHUSDT,3938.9,2.077
1761400314507.0,ETHUSDT,3938.9,0.025
1761400314317.0,ETHUSDT,3938.89,1.08
1761400314317.0,ETHUSDT,3938.89,2.179
1761400314103.0,ETHUSDT,3938.89,0.062
1761400314103.0,ETHUSDT,3938.89,0.062
1761400314103.0,ETHUSDT,3938.89,0.062
1761400314103.0,ETHUSDT,3938.89,0.062
1761400314103.0,ETHUSDT,3938.89,0.062
1761400314103.0,ETHUSDT,3938.89,0.062
1761400314103.0,ETHUSDT,3938.89,0.062
1761400314103.0,ETHUSDT,3938.89,0.062
1761400314103.0,ETHUSDT,3938.89,0.062
1761400314103.0,ETHUSDT,3938.89,0.062
1761400314103.0,ETHUSDT,3938.89,0.062
1761400314103.0,ETHUSDT,3938.89,0.062
1761400314103.0,ETHUSDT,3938.89,0.062
1761400314103.0,ETHUSDT,3938.89,0.015
1761400314103.0,ETHUSDT,3938.89,0.047
1761400314103.0,ETHUSDT,3938.89,0.062
1761400314103.0,ETHUSDT,3938.89,0.062
1761400314103.0,ETHUSDT,3938.89,0.062
1761400314103.0,ETHUSDT,3938.89,0.062
1761400314103.0,ETHUSDT,3938.89,0.062
1761400314103.0,ETHUSDT,3938.89,0.062
1761400313988.0,ETHUSDT,3938.9,0.138
1761400313680.0,ETHUSDT,3938.9,0.164
1761400313657.0,ETHUSDT,3938.9,7.476
1761400313586.0,ETHUSDT,3938.9,0.012
1761400313480.0,ETHUSDT,3938.9,0.126
1761400307133.0,ETHUSDT,3938.72,0.111
1761400306614.0,ETHUSDT,3938.71,0.096
1761400306416.0,ETHUSDT,3938.72,0.013
1761400306017.0,ETHUSDT,3938.72,1.0
1761400305244.0,ETHUSDT,3938.71,0.3
1761400305138.0,ETHUSDT,3938.72,0.01
1761400304733.0,ETHUSDT,3938.71,0.108
1761400304605.0,ETHUSDT,3938.72,0.1
1761400304411.0,ETHUSDT,3938.72,0.504
1761400304411.0,ETHUSDT,3938.72,0.006
1761400304411.0,ETHUSDT,3938.72,0.076
1761400304411.0,ETHUSDT,3938.72,0.006
1761400304411.0,ETHUSDT,3938.72,0.012
1761400304411.0,ETHUSDT,3938.72,0.002
1761400303793.0,ETHUSDT,3938.72,0.01
1761400303793.0,ETHUSDT,3938.72,0.006
1761400303793.0,ETHUSDT,3938.72,0.012
1761400303793.0,ETHUSDT,3938.72,0.012
1761400303793.0,ETHUSDT,3938.72,0.006
1761400303793.0,ETHUSDT,3938.72,0.012
1761400303793.0,ETHUSDT,3938.72,0.012
1761400303793.0,ETHUSDT,3938.72,0.006
1761400302864.0,ETHUSDT,3938.72,0.417
1761400302730.0,ETHUSDT,3938.72,1.838
1761400302730.0,ETHUSDT,3938.72,0.006
1761400302730.0,ETHUSDT,3938.72,0.051
1761400302648.0,ETHUSDT,3938.71,0.038
1761400302511.0,ETHUSDT,3938.72,4.981
1761400302346.0,ETHUSDT,3938.72,0.8
1761400301669.0,ETHUSDT,3938.72,0.152
1761400301645.0,ETHUSDT,3938.72,0.169
1761400301490.0,ETHUSDT,3938.72,0.415
1761400301457.0,ETHUSDT,3938.72,0.663
1761400301453.0,ETHUSDT,3938.71,0.027
1761400301063.0,ETHUSDT,3938.72,0.1
1761400300873.0,ETHUSDT,3938.72,0.1
1761400300121.0,ETHUSDT,3938.72,0.477
1761400300120.0,ETHUSDT,3938.72,0.477
1761400300109.0,ETHUSDT,3938.7,0.006
1761400300109.0,ETHUSDT,3938.7,0.009
1761400300109.0,ETHUSDT,3938.7,0.011
1761400300109.0,ETHUSDT,3938.69,0.011
1761400300109.0,ETHUSDT,3938.69,0.006
1761400300109.0,ETHUSDT,3938.69,0.03
1761400300109.0,ETHUSDT,3938.68,0.007
1761400300109.0,ETHUSDT,3938.67,0.011
1761400300109.0,ETHUSDT,3938.66,0.006
1761400300109.0,ETHUSDT,3938.66,0.017
1761400300109.0,ETHUSDT,3938.66,0.092
1761400300109.0,ETHUSDT,3938.66,0.063
1761400300109.0,ETHUSDT,3938.65,0.01
1761400300109.0,ETHUSDT,3938.65,0.084
1761400300109.0,ETHUSDT,3938.65,0.011
1761400300109.0,ETHUSDT,3938.65,0.007
1761400300109.0,ETHUSDT,3938.65,0.03
1761400300109.0,ETHUSDT,3938.63,0.011
1761400300109.0,ETHUSDT,3938.62,0.006
1761400300109.0,ETHUSDT,3938.61,0.03
1761400300109.0,ETHUSDT,3938.61,0.006
1761400300109.0,ETHUSDT,3938.61,0.03
1761400300109.0,ETHUSDT,3938.6,0.253
1761400300109.0,ETHUSDT,3938.6,0.01
1761400300109.0,ETHUSDT,3938.6,0.011
1761400300109.0,ETHUSDT,3938.6,0.006
1761400300109.0,ETHUSDT,3938.6,0.007
1761400300109.0,ETHUSDT,3938.59,0.011
1761400300109.0,ETHUSDT,3938.57,0.203
1761400300109.0,ETHUSDT,3938.57,0.013
1761400300109.0,ETHUSDT,3938.57,0.101
1761400300109.0,ETHUSDT,3938.57,0.063
1761400300109.0,ETHUSDT,3938.57,0.036
1761400300109.0,ETHUSDT,3938.57,0.101
1761400300109.0,ETHUSDT,3938.57,0.01
1761400300109.0,ETHUSDT,3938.57,0.011
1761400300109.0,ETHUSDT,3938.57,0.03
1761400300109.0,ETHUSDT,3938.56,1.0
1761400300109.0,ETHUSDT,3938.56,0.006
1761400300109.0,ETHUSDT,3938.55,0.011
1761400300109.0,ETHUSDT,3938.55,0.765
1761400300109.0,ETHUSDT,3938.54,0.011
1761400300109.0,ETHUSDT,3938.54,0.011
1761400300109.0,ETHUSDT,3938.54,0.006
1761400300109.0,ETHUSDT,3938.53,0.007
1761400300109.0,ETHUSDT,3938.53,0.03
1761400300109.0,ETHUSDT,3938.52,0.253
1761400300109.0,ETHUSDT,3938.52,0.253
1761400300109.0,ETHUSDT,3938.52,0.011
1761400300109.0,ETHUSDT,3938.51,0.006
1761400300109.0,ETHUSDT,3938.5,0.011
1761400300109.0,ETHUSDT,3938.49,0.03
1761400300109.0,ETHUSDT,3938.48,0.076
1761400300109.0,ETHUSDT,3938.48,0.006
1761400300109.0,ETHUSDT,3938.48,0.006
1761400300109.0,ETHUSDT,3938.47,0.011
1761400300109.0,ETHUSDT,3938.45,0.03
1761400300109.0,ETHUSDT,3938.42,0.06
1761400300109.0,ETHUSDT,3938.42,0.024
1761400300109.0,ETHUSDT,3938.41,0.006
1761400300109.0,ETHUSDT,3938.4,0.012
1761400300109.0,ETHUSDT,3938.4,0.015
1761400295545.0,ETHUSDT,3938.04,0.03
1761400295545.0,ETHUSDT,3938.01,0.065
1761400295545.0,ETHUSDT,3938.01,0.006
1761400295545.0,ETHUSDT,3938.0,0.006
1761400295545.0,ETHUSDT,3938.0,0.006
1761400295545.0,ETHUSDT,3938.0,0.006
1761400295545.0,ETHUSDT,3938.0,0.024
1761400295544.0,ETHUSDT,3938.0,0.006
1761400295544.0,ETHUSDT,3937.97,0.006
1761400295544.0,ETHUSDT,3937.97,0.044
1761400295544.0,ETHUSDT,3937.97,0.006
1761400295544.0,ETHUSDT,3937.96,0.008
1761400295544.0,ETHUSDT,3937.96,0.015
1761400295544.0,ETHUSDT,3937.96,0.006
1761400295544.0,ETHUSDT,3937.96,0.065
1761400295544.0,ETHUSDT,3937.96,0.012
1761400295544.0,ETHUSDT,3937.96,0.006
1761400295544.0,ETHUSDT,3937.96,0.006
1761400295544.0,ETHUSDT,3937.96,0.012
1761400295544.0,ETHUSDT,3937.96,0.012
1761400295544.0,ETHUSDT,3937.96,0.006
1761400295544.0,ETHUSDT,3937.96,0.006
1761400295544.0,ETHUSDT,3937.96,0.012
1761400295544.0,ETHUSDT,3937.96,0.006
1761400295544.0,ETHUSDT,3937.96,0.03
1761400295383.0,ETHUSDT,3937.96,0.019
1761400295255.0,ETHUSDT,3937.95,0.113
1761400295222.0,ETHUSDT,3937.95,0.01
1761400295188.0,ETHUSDT,3937.96,0.044
1761400295188.0,ETHUSDT,3937.96,0.006
1761400295186.0,ETHUSDT,3937.96,0.073
1761400295186.0,ETHUSDT,3937.96,0.123
1761400295186.0,ETHUSDT,3937.96,0.073
1761400295183.0,ETHUSDT,3937.94,0.011
1761400295183.0,ETHUSDT,3937.94,0.006
1761400295183.0,ETHUSDT,3937.94,0.03
1761400295183.0,ETHUSDT,3937.9,0.006
1761400295183.0,ETHUSDT,3937.87,0.03
1761400295183.0,ETHUSDT,3937.86,0.006
1761400295183.0,ETHUSDT,3937.86,0.006
1761400295183.0,ETHUSDT,3937.83,0.065
1761400295183.0,ETHUSDT,3937.82,0.006
1761400295183.0,ETHUSDT,3937.81,0.015
1761400295183.0,ETHUSDT,3937.81,0.012
1761400295183.0,ETHUSDT,3937.81,0.1
1761400295183.0,ETHUSDT,3937.81,0.006
1761400295183.0,ETHUSDT,3937.81,0.012
1761400295183.0,ETHUSDT,3937.81,0.006
1761400295183.0,ETHUSDT,3937.81,0.004
1761400295178.0,ETHUSDT,3937.81,0.026
1761400295178.0,ETHUSDT,3937.81,0.006
1761400295178.0,ETHUSDT,3937.81,0.006
1761400295178.0,ETHUSDT,3937.81,0.006
1761400295178.0,ETHUSDT,3937.81,0.006
1761400295176.0,ETHUSDT,3937.81,0.268
1761400295175.0,ETHUSDT,3937.81,0.194
1761400295175.0,ETHUSDT,3937.81,0.006
1761400295175.0,ETHUSDT,3937.81,0.019
1761400295172.0,ETHUSDT,3937.81,0.011
1761400295172.0,ETHUSDT,3937.81,0.008
1761400295172.0,ETHUSDT,3937.81,0.06
1761400295172.0,ETHUSDT,3937.81,0.175
1761400295172.0,ETHUSDT,3937.81,0.012
1761400295172.0,ETHUSDT,3937.81,0.006
1761400295172.0,ETHUSDT,3937.8,0.006
1761400295172.0,ETHUSDT,3937.8,0.006
1761400295172.0,ETHUSDT,3937.8,0.006
1761400295172.0,ETHUSDT,3937.8,0.015
1761400295172.0,ETHUSDT,3937.8,0.006
1761400295172.0,ETHUSDT,3937.8,0.006
1761400295172.0,ETHUSDT,3937.8,0.008
1761400295172.0,ETHUSDT,3937.8,0.006
1761400295172.0,ETHUSDT,3937.8,0.006
1761400295172.0,ETHUSDT,3937.8,0.006
1761400295172.0,ETHUSDT,3937.8,0.183
1761400295172.0,ETHUSDT,3937.8,0.012
1761400295172.0,ETHUSDT,3937.8,0.012
1761400295172.0,ETHUSDT,3937.8,0.006
1761400295172.0,ETHUSDT,3937.8,0.006
1761400295172.0,ETHUSDT,3937.8,0.004
1761400295168.0,ETHUSDT,3937.8,0.002
1761400295168.0,ETHUSDT,3937.8,0.14
1761400295168.0,ETHUSDT,3937.8,0.006
1761400295168.0,ETHUSDT,3937.8,0.006
1761400295168.0,ETHUSDT,3937.8,0.03
1761400295168.0,ETHUSDT,3937.8,0.012
1761400295168.0,ETHUSDT,3937.8,0.006
1761400295168.0,ETHUSDT,3937.8,0.006
1761400295168.0,ETHUSDT,3937.8,7.518
1761400294879.0,ETHUSDT,3937.79,0.007
1761400294742.0,ETHUSDT,3937.8,0.668
1761400294350.0,ETHUSDT,3937.8,0.009
1761400294000.0,ETHUSDT,3937.79,0.044
1761400293782.0,ETHUSDT,3937.8,0.006
1761400293579.0,ETHUSDT,3937.8,2.055
1761400292522.0,ETHUSDT,3937.8,0.206
1761400292307.0,ETHUSDT,3937.8,0.67
1761400292307.0,ETHUSDT,3937.8,1.822
1761400291916.0,ETHUSDT,3937.8,0.209
1761400291707.0,ETHUSDT,3937.79,0.007
1761400283559.0,ETHUSDT,3937.65,0.009
1761400282392.0,ETHUSDT,3937.65,0.027
1761400282175.0,ETHUSDT,3937.65,0.03
1761400282175.0,ETHUSDT,3937.64,0.006
1761400282175.0,ETHUSDT,3937.64,0.006
1761400282175.0,ETHUSDT,3937.63,0.011
1761400282175.0,ETHUSDT,3937.62,0.09
1761400282175.0,ETHUSDT,3937.62,0.006
1761400282175.0,ETHUSDT,3937.61,0.149
1761400282175.0,ETHUSDT,3937.6,0.006
1761400282175.0,ETHUSDT,3937.6,0.03
1761400282175.0,ETHUSDT,3937.58,0.011
1761400282175.0,ETHUSDT,3937.57,0.006
1761400282175.0,ETHUSDT,3937.57,0.006
1761400282175.0,ETHUSDT,3937.57,0.006
1761400282175.0,ETHUSDT,3937.57,0.006
1761400282175.0,ETHUSDT,3937.57,0.011
1761400282171.0,ETHUSDT,3937.57,0.057
1761400282171.0,ETHUSDT,3937.57,0.011
1761400282159.0,ETHUSDT,3937.56,0.006
1761400282159.0,ETHUSDT,3937.56,0.006
1761400282159.0,ETHUSDT,3937.56,0.03
1761400282159.0,ETHUSDT,3937.55,0.019
1761400282159.0,ETHUSDT,3937.54,0.011
1761400282159.0,ETHUSDT,3937.53,1.0
1761400282159.0,ETHUSDT,3937.52,0.987
1761400282159.0,ETHUSDT,3937.52,0.03
1761400282159.0,ETHUSDT,3937.51,0.011
1761400282158.0,ETHUSDT,3937.5,0.2
1761400282158.0,ETHUSDT,3937.5,0.006
1761400282158.0,ETHUSDT,3937.48,0.011
1761400282158.0,ETHUSDT,3937.48,0.03
1761400282158.0,ETHUSDT,3937.44,0.2
1761400282158.0,ETHUSDT,3937.44,0.03
1761400282152.0,ETHUSDT,3937.42,0.011
1761400282152.0,ETHUSDT,3937.41,0.008
1761400282152.0,ETHUSDT,3937.41,0.011
1761400282152.0,ETHUSDT,3937.41,0.012
1761400282152.0,ETHUSDT,3937.4,0.015
1761400282152.0,ETHUSDT,3937.4,0.015
1761400282152.0,ETHUSDT,3937.4,0.001
1761400282152.0,ETHUSDT,3937.4,0.03
1761400282152.0,ETHUSDT,3937.4,0.788
1761400282152.0,ETHUSDT,3937.4,0.006
1761400282152.0,ETHUSDT,3937.4,0.006
1761400282152.0,ETHUSDT,3937.4,0.012
1761400282152.0,ETHUSDT,3937.4,0.253
1761400282152.0,ETHUSDT,3937.4,0.012
1761400282152.0,ETHUSDT,3937.4,0.012
1761400282152.0,ETHUSDT,3937.4,0.012
1761400282152.0,ETHUSDT,3937.4,0.012
1761400282152.0,ETHUSDT,3937.4,0.006
1761400282152.0,ETHUSDT,3937.4,0.006
1761400282152.0,ETHUSDT,3937.4,0.006
1761400282073.0,ETHUSDT,3937.4,0.478
1761400281945.0,ETHUSDT,3937.39,0.123
1761400281914.0,ETHUSDT,3937.4,1.635
1761400281914.0,ETHUSDT,3937.4,0.006
1761400281914.0,ETHUSDT,3937.4,0.006
1761400281914.0,ETHUSDT,3937.4,0.006
1761400281914.0,ETHUSDT,3937.4,0.006
1761400281914.0,ETHUSDT,3937.4,0.015
1761400281914.0,ETHUSDT,3937.4,0.015
1761400281914.0,ETHUSDT,3937.4,0.03
1761400281034.0,ETHUSDT,3937.39,0.011
1761400281034.0,ETHUSDT,3937.38,0.006
1761400281034.0,ETHUSDT,3937.38,0.2
1761400281034.0,ETHUSDT,3937.37,0.006
1761400281034.0,ETHUSDT,3937.36,0.011
1761400281034.0,ETHUSDT,3937.36,0.03
1761400281034.0,ETHUSDT,3937.34,0.006
1761400281034.0,ETHUSDT,3937.32,0.2
1761400281034.0,ETHUSDT,3937.32,0.03
1761400281034.0,ETHUSDT,3937.29,0.006
1761400281031.0,ETHUSDT,3937.28,0.008
1761400281031.0,ETHUSDT,3937.28,0.006
1761400281031.0,ETHUSDT,3937.28,0.006
1761400281031.0,ETHUSDT,3937.28,0.006
1761400281031.0,ETHUSDT,3937.28,0.502
1761400281031.0,ETHUSDT,3937.28,0.024
1761400281027.0,ETHUSDT,3937.28,0.006
1761400281027.0,ETHUSDT,3937.28,0.005
1761400281027.0,ETHUSDT,3937.28,0.006
1761400281027.0,ETHUSDT,3937.28,0.008
1761400281027.0,ETHUSDT,3937.28,0.001
1761400281027.0,ETHUSDT,3937.28,0.006
1761400281027.0,ETHUSDT,3937.28,0.006
1761400281027.0,ETHUSDT,3937.28,0.006
1761400281027.0,ETHUSDT,3937.28,0.012
1761400281027.0,ETHUSDT,3937.28,0.006
1761400281027.0,ETHUSDT,3937.28,0.012
1761400281027.0,ETHUSDT,3937.28,0.012
1761400281027.0,ETHUSDT,3937.28,0.068
1761400280965.0,ETHUSDT,3937.28,0.142
1761400280965.0,ETHUSDT,3937.28,0.006
1761400280965.0,ETHUSDT,3937.28,0.006
1761400280965.0,ETHUSDT,3937.28,0.006
1761400280965.0,ETHUSDT,3937.28,0.006
1761400280965.0,ETHUSDT,3937.28,0.006
1761400280843.0,ETHUSDT,3937.27,0.022
1761400270701.0,ETHUSDT,3937.4,3.185
1761400270698.0,ETHUSDT,3937.42,0.011
1761400270698.0,ETHUSDT,3937.42,0.006
1761400270698.0,ETHUSDT,3937.42,0.011
1761400270698.0,ETHUSDT,3937.43,0.006
1761400270698.0,ETHUSDT,3937.45,0.03
1761400270698.0,ETHUSDT,3937.46,0.006
1761400270698.0,ETHUSDT,3937.47,0.011
1761400270698.0,ETHUSDT,3937.49,0.03
1761400270698.0,ETHUSDT,3937.53,0.006
1761400270698.0,ETHUSDT,3937.53,0.015
1761400270698.0,ETHUSDT,3937.53,0.011
1761400270698.0,ETHUSDT,3937.53,0.03
1761400270696.0,ETHUSDT,3937.54,0.015
1761400270696.0,ETHUSDT,3937.54,0.015
1761400270696.0,ETHUSDT,3937.54,0.253
1761400270696.0,ETHUSDT,3937.54,0.001
1761400270696.0,ETHUSDT,3937.54,0.012
1761400270696.0,ETHUSDT,3937.54,0.012
1761400270696.0,ETHUSDT,3937.54,0.006
1761400270696.0,ETHUSDT,3937.54,0.006
1761400270696.0,ETHUSDT,3937.54,0.006
1761400270696.0,ETHUSDT,3937.54,0.006
1761400270566.0,ETHUSDT,3937.56,0.006
1761400270566.0,ETHUSDT,3937.56,0.006
1761400270566.0,ETHUSDT,3937.56,0.006
1761400270566.0,ETHUSDT,3937.56,0.006
1761400270566.0,ETHUSDT,3937.56,0.006
1761400270555.0,ETHUSDT,3937.57,0.006
1761400270555.0,ETHUSDT,3937.57,0.006
1761400270555.0,ETHUSDT,3937.57,0.134
1761400270554.0,ETHUSDT,3937.57,0.084
1761400270554.0,ETHUSDT,3937.57,0.134
1761400270554.0,ETHUSDT,3937.57,0.018
1761400270554.0,ETHUSDT,3937.57,0.03
1761400270554.0,ETHUSDT,3937.58,0.03
1761400270554.0,ETHUSDT,3937.59,0.006
1761400270544.0,ETHUSDT,3937.6,0.214
1761400270544.0,ETHUSDT,3937.6,0.006
1761400270544.0,ETHUSDT,3937.62,0.008
1761400270544.0,ETHUSDT,3937.62,0.03
1761400270544.0,ETHUSDT,3937.63,0.011
1761400270544.0,ETHUSDT,3937.63,0.006
1761400270544.0,ETHUSDT,3937.63,0.006
1761400270544.0,ETHUSDT,3937.64,0.006
1761400270544.0,ETHUSDT,3937.64,0.006
1761400270544.0,ETHUSDT,3937.64,0.006
1761400270536.0,ETHUSDT,3937.66,0.006
1761400270536.0,ETHUSDT,3937.67,0.006
1761400270536.0,ETHUSDT,3937.67,0.03
1761400270536.0,ETHUSDT,3937.69,0.006
1761400270536.0,ETHUSDT,3937.7,0.018
1761400270536.0,ETHUSDT,3937.7,0.006
1761400270536.0,ETHUSDT,3937.71,0.006
1761400270536.0,ETHUSDT,3937.71,0.03
1761400270536.0,ETHUSDT,3937.72,0.007
1761400270536.0,ETHUSDT,3937.73,0.006
1761400270532.0,ETHUSDT,3937.74,0.016
1761400270532.0,ETHUSDT,3937.74,0.253
1761400270532.0,ETHUSDT,3937.74,0.253
1761400270532.0,ETHUSDT,3937.74,0.253
1761400270532.0,ETHUSDT,3937.74,0.008
1761400270532.0,ETHUSDT,3937.74,0.001
1761400270532.0,ETHUSDT,3937.74,0.012
1761400270532.0,ETHUSDT,3937.74,0.012
1761400270532.0,ETHUSDT,3937.74,0.006
1761400270532.0,ETHUSDT,3937.74,0.006
1761400270532.0,ETHUSDT,3937.74,0.006
1761400270532.0,ETHUSDT,3937.74,0.006
1761400270532.0,ETHUSDT,3937.74,0.013
1761400270532.0,ETHUSDT,3937.74,0.007
1761400270532.0,ETHUSDT,3937.74,0.177
1761400270532.0,ETHUSDT,3937.74,0.575
1761400270532.0,ETHUSDT,3937.74,1.055
1761400270532.0,ETHUSDT,3937.74,1.171
1761400270532.0,ETHUSDT,3937.74,0.592
1761400270532.0,ETHUSDT,3937.74,0.015
1761400270532.0,ETHUSDT,3937.74,0.077
1761400270532.0,ETHUSDT,3937.74,0.414
1761400270532.0,ETHUSDT,3937.74,0.01
1761400270532.0,ETHUSDT,3937.74,0.013
1761400270532.0,ETHUSDT,3937.74,0.015
1761400270532.0,ETHUSDT,3937.74,0.014
1761400270532.0,ETHUSDT,3937.74,0.05
1761400270532.0,ETHUSDT,3937.74,0.008
1761400270532.0,ETHUSDT,3937.74,0.686
1761400270532.0,ETHUSDT,3937.74,0.008
1761400270532.0,ETHUSDT,3937.74,0.006
1761400270532.0,ETHUSDT,3937.74,3.809
1761400270471.0,ETHUSDT,3937.75,0.008
1761400270471.0,ETHUSDT,3937.75,0.006
1761400270471.0,ETHUSDT,3937.76,0.006
1761400270469.0,ETHUSDT,3937.77,0.006
1761400270469.0,ETHUSDT,3937.77,0.006
1761400270469.0,ETHUSDT,3937.77,0.027
1761400270469.0,ETHUSDT,3937.77,0.006
1761400270469.0,ETHUSDT,3937.77,0.03
1761400270469.0,ETHUSDT,3937.77,0.001
1761400270469.0,ETHUSDT,3937.77,0.012
1761400270465.0,ETHUSDT,3937.77,0.05
1761400257758.0,ETHUSDT,3937.0,0.1
1761400257402.0,ETHUSDT,3937.0,0.03
1761400257159.0,ETHUSDT,3936.99,0.008
1761400256725.0,ETHUSDT,3937.0,1.27
1761400256593.0,ETHUSDT,3936.99,0.32
1761400256441.0,ETHUSDT,3937.0,0.141
1761400255967.0,ETHUSDT,3936.99,0.044
1761400255967.0,ETHUSDT,3936.99,1.461
1761400255853.0,ETHUSDT,3937.0,0.126
1761400255420.0,ETHUSDT,3936.99,0.084
1761400254759.0,ETHUSDT,3936.99,0.163
1761400254440.0,ETHUSDT,3937.0,0.012
1761400254434.0,ETHUSDT,3937.0,10.0
1761400254205.0,ETHUSDT,3936.99,0.1
1761400252745.0,ETHUSDT,3937.0,0.006
1761400252718.0,ETHUSDT,3937.0,5.0
1761400252563.0,ETHUSDT,3937.0,0.03
1761400252282.0,ETHUSDT,3936.99,0.127
1761400251866.0,ETHUSDT,3937.0,0.008
1761400251846.0,ETHUSDT,3937.0,0.038
1761400251609.0,ETHUSDT,3936.99,0.235
1761400251282.0,ETHUSDT,3937.0,0.35
1761400251132.0,ETHUSDT,3937.0,0.469
1761400251132.0,ETHUSDT,3937.0,0.006
1761400251132.0,ETHUSDT,3937.0,0.006
1761400251126.0,ETHUSDT,3936.99,0.001
1761400251126.0,ETHUSDT,3936.99,0.006
1761400251126.0,ETHUSDT,3936.99,0.006
1761400251126.0,ETHUSDT,3936.99,0.006
1761400251126.0,ETHUSDT,3936.99,0.1
1761400251125.0,ETHUSDT,3936.99,0.006
1761400251125.0,ETHUSDT,3936.99,0.015
1761400251125.0,ETHUSDT,3936.99,0.285
1761400251125.0,ETHUSDT,3936.99,0.254
1761400251125.0,ETHUSDT,3936.99,0.012
1761400251125.0,ETHUSDT,3936.99,0.012
1761400251125.0,ETHUSDT,3936.99,0.012
1761400251125.0,ETHUSDT,3936.99,0.012
1761400251125.0,ETHUSDT,3936.99,0.006
1761400251125.0,ETHUSDT,3936.99,0.006
